2004 3294
373 304 424 339 28
870 308 1301 337 CONST1TUTIONUM

372 425 421 461 21
460 420 674 461 Convenit
715 433 862 459 omnes
914 418 1097 458 exerceri
1152 418 1202 469 (si
1253 416 1437 470 aliquem
1490 413 1693 468 Superior
1734 427 1821 454 non

456 493 672 546 eximeret)
715 493 760 533 in
806 491 1084 533 concionibus
1132 489 1401 539 domesticis3
1449 496 1495 528 ut
1537 496 1822 542 praeterquam

456 567 573 622 quod
613 566 773 607 utiliter
813 565 1079 619 expendetur
1125 564 1266 617 aliqua
1307 563 1411 602 hora
1446 576 1470 601 a
1505 561 1699 616 prandio,
1733 560 1823 600 ani-

457 649 630 682 mentur
651 648 692 680 et
714 645 962 679 assuescant
994 637 1134 690 aliqua
1161 636 1325 676 ratione
1361 635 1493 689 (quod
1524 635 1577 674 ad
1608 649 1756 675 vocem
1779 643 1822 674 et

459 714 635 754 modum
658 711 812 752 attinet
833 716 875 750 et
897 710 950 750 ad
971 709 1148 763 reliqua)
1174 708 1228 749 ad
1249 722 1407 748 munus
1439 707 1723 748 exercendum
1740 723 1751 756 3
1782 715 1824 747 et

458 795 506 827 ut
548 785 765 841 specimen
807 783 934 825 etiam
976 783 1067 838 ejus
1109 782 1273 833 talenti,
1307 781 1422 836 quod
1462 781 1507 821 in
1548 781 1629 821 hoc
1671 794 1825 835 genere

459 859 675 902 Dominus
707 858 767 899 eis
799 857 1104 908 communicat,
1134 855 1382 911 praebeant,
1413 862 1455 895 et
1487 860 1536 894 ut
1567 867 1668 894 suos
1688 853 1825 894 bonos

461 940 696 988 conceptus
719 932 773 972 ad
795 946 915 972 suam
939 939 981 971 et
1006 930 1299 985 proximorum
1328 928 1656 970 aedificationem
1687 927 1826 981 expri-

458 1013 593 1058 mant,
616 1008 667 1047 de
690 1006 739 1047 iis
762 1005 910 1046 crebro
932 1009 1180 1054 tractantes,
1202 1018 1297 1058 quae
1320 1003 1374 1043 ad
1402 1002 1467 1043 sui
1498 1001 1825 1056 abnegationem

459 1087 503 1123 et
522 1080 566 1122 in
588 1079 818 1122 virtutibus
843 1078 1100 1133 profectum,
1131 1085 1173 1118 et
1204 1076 1494 1118 omnimodam
1522 1070 1826 1130 perfectionem

461 1157 674 1206 attinent3
706 1155 759 1196 ad
788 1169 837 1195 ea
867 1168 911 1195 se
942 1154 1124 1195 invicem
1155 1152 1434 1203 exhortando,
1457 1159 1499 1192 ct
1530 1150 1746 1206 praecipue
1774 1149 1828 1190 ad

460 1230 665 1271 unionem
688 1234 730 1270 et
752 1227 1002 1269 charitatem
1023 1227 1267 1267 fraternam.

378 1310 430 1346 22
465 1304 732 1358 Magnopere
784 1301 987 1351 conferet,
1038 1300 1204 1350 devote,
1255 1299 1397 1353 quoad
1437 1297 1528 1338 fieri
1567 1297 1741 1352 poterit,
1781 1311 1830 1337 ea

462 1391 641 1419 munera
661 1375 792 1426 obire,
813 1375 858 1415 in
884 1374 1042 1429 quibus
1073 1388 1162 1428 prae
1184 1372 1348 1414 caeteris
1370 1379 1591 1413 exercetur
1610 1370 1830 1412 humilitas

462 1459 504 1492 et
536 1450 734 1492 charitas.
796 1449 856 1492 Et
880 1448 925 1488 in
955 1447 1203 1488 universum
1234 1445 1464 1501 loquendo,
1485 1452 1647 1500 quanto
1678 1444 1831 1499 aliquis

464 1539 510 1565 se
544 1523 702 1565 arctius
740 1537 838 1563 cum
875 1522 970 1562 Deo
1007 1520 1292 1576 conjunxerit,
1335 1527 1377 1560 et
1409 1519 1690 1560 liberaliorem
1731 1532 1832 1573 erga

464 1611 677 1639 summam
712 1595 987 1650 Majestatem
1024 1610 1067 1635 se
1101 1593 1376 1650 praestiterit3
1419 1598 1540 1633 tanto
1573 1607 1672 1634 eum
1705 1592 1749 1632 in
1787 1606 1830 1632 se

462 1663 687 1726 largiorem
711 1668 977 1724 experietur3
1008 1676 1050 1708 et
1072 1668 1163 1723 ipse
1186 1668 1229 1707 in
1253 1667 1343 1707 dies
1374 1666 1511 1721 magis
1541 1666 1721 1707 idoneus
1753 1665 1831 1705 erit

464 1745 518 1786 ad
539 1743 695 1799 gratias
718 1748 760 1783 et
781 1743 894 1783 (lona
915 1741 1136 1797 spirtualia
1156 1741 1352 1782 uberiora
1372 1739 1628 1795 recipienda.

380 1827 431 1862 23
466 1819 656 1875 Expedit
677 1819 721 1859 in
743 1818 890 1873 primis
913 1818 966 1858 ad
989 1817 1243 1873 profectum,
1266 1816 1351 1857 imo
1375 1815 1661 1857 necessarium
1684 1822 1762 1867 est,
1784 1823 1831 1855 ut

466 1909 602 1936 omnes
634 1893 835 1947 peofectoe
877 1893 1124 1932 Obedieoztice
1154 1906 1196 1932 se
1230 1892 1395 1942 dedant,
1428 1891 1692 1943 Superiorem
1723 1889 1833 1944 (qui-

466 1982 636 2022 cunque
672 1967 741 2007 ille
776 1966 846 2019 sit)
888 1971 1084 2018 tanquam
1122 1966 1332 2005 Christum
1363 1965 1586 2004 Dominum
1612 1965 1833 2013 intuentes,

466 2050 508 2083 et
544 2041 713 2082 interna
739 2039 977 2081 reverentia
1006 2046 1048 2079 et
1080 2053 1221 2079 amore
1256 2053 1354 2079 eum
1388 2043 1725 2093 prosequentes3
1755 2050 1833 2077 nec

469 2115 608 2156 solum
639 2114 688 2154 in
715 2112 965 2154 executione
997 2121 1172 2153 externa
1200 2126 1362 2162 corum,
1394 2125 1489 2165 quae
1520 2110 1737 2166 injungit3
1769 2110 1834 2150 in-

467 2189 600 2244 tegre,
626 2188 841 2243 prompte,
872 2187 1051 2237 fortiter,
1077 2194 1119 2226 et
1153 2201 1251 2226 cum
1280 2184 1521 2226 humilitate
1555 2185 1712 2235 debita,
1744 2185 1834 2225 sine

470 2261 832 2312 excusationibus,
874 2268 916 2301 et.
967 2259 1436 2300 obmurmurationibus
1478 2258 1695 2310 obediant,
1736 2258 1835 2298 licet

470 2335 657 2378 difficilia
704 2343 746 2375 et
798 2334 1063 2375 sensualitati
1113 2333 1399 2388 repugnantia
1452 2333 1638 2388 jubeat3
1687 2332 1835 2373 versun

471 2411 598 2451 etiam
641 2409 834 2450 nitantur
874 2407 1206 2463 resignationem
1255 2416 1297 2448 ct
1343 2421 1486 2448 veram
1528 2407 1836 2460 abwzeyationem

464 2486 648 2538 propriae
689 2484 916 2524 voluntatis
957 2487 996 2523 et
1035 2483 1192 2534 judicii
1234 2482 1382 2522 habere
1404 2500 1416 2528 ;
1463 2482 1563 2522 velle
1604 2495 1653 2522 ac
1684 2481 1838 2522 sentire

473 2573 590 2599 suum
624 2572 714 2599 cum
750 2571 811 2608 eo,
847 2557 957 2610 quod
989 2556 1191 2609 Superior
1226 2557 1312 2596 vult
1347 2560 1386 2596 et
1419 2557 1544 2596 sentit
1577 2556 1620 2595 in
1655 2553 1838 2595 omnibus

472 2632 594 2672 rebus
637 2632 725 2680 (ubi
768 2635 985 2684 peccatum
1035 2644 1114 2670 non
1165 2635 1420 2679 cerneretur)
1471 2630 1631 2670 omnino
1673 2626 1837 2680 confor-

474 2710 645 2755 mantes,
685 2707 902 2758 proposita
944 2704 1021 2745 sibi
1066 2705 1274 2744 voluntate
1316 2718 1364 2744 ac
1398 2704 1562 2756 judicio
1601 2702 1839 2754 Superioris
