<?xml version="1.0" encoding="UTF-8"?>
<!DOCTYPE html PUBLIC "-//W3C//DTD XHTML 1.0 Transitional//EN"
    "http://www.w3.org/TR/xhtml1/DTD/xhtml1-transitional.dtd">
<html xmlns="http://www.w3.org/1999/xhtml" xml:lang="en" lang="en">
 <head>
  <title>
</title>
<meta http-equiv="Content-Type" content="text/html;charset=utf-8" />
  <meta name='ocr-system' content='tesseract 3.04.00' />
  <meta name='ocr-capabilities' content='ocr_page ocr_carea ocr_par ocr_line ocrx_word'/>
</head>
<body>
  <div class='ocr_page' id='page_1' title='image "./constitutionesso00jesuuoft_0079.png"; bbox 0 0 1987 3374; ppageno 0'>
   <div class='ocr_carea' id='block_1_1' title="bbox 705 330 1629 378">
    <p class='ocr_par' dir='ltr' id='par_1_1' title="bbox 705 330 1629 378">
     <span class='ocr_line' id='line_1_1' title="bbox 705 330 1629 378; baseline 0 -12"><span class='ocrx_word' id='word_1_1' title='bbox 705 339 828 366; x_wconf 81' lang='lat' dir='ltr'><strong>PARS</strong></span> <span class='ocrx_word' id='word_1_2' title='bbox 863 340 1069 369; x_wconf 76' lang='lat' dir='ltr'><strong>QUINTA.</strong></span> <span class='ocrx_word' id='word_1_3' title='bbox 1576 330 1629 378; x_wconf 87' lang='lat'><strong>67</strong></span> 
     </span>
    </p>
   </div>
   <div class='ocr_carea' id='block_1_2' title="bbox 244 446 1633 2362">
    <p class='ocr_par' dir='ltr' id='par_1_2' title="bbox 244 446 1633 1026">
     <span class='ocr_line' id='line_1_2' title="bbox 246 446 1631 503; baseline 0.003 -14"><span class='ocrx_word' id='word_1_4' title='bbox 246 448 400 490; x_wconf 84' lang='lat' dir='ltr'><strong>litteris</strong></span> <span class='ocrx_word' id='word_1_5' title='bbox 422 446 702 503; x_wconf 86' lang='lat' dir='ltr'><strong>Apostolicis,</strong></span> <span class='ocrx_word' id='word_1_6' title='bbox 731 455 774 489; x_wconf 93' lang='lat' dir='ltr'><strong>et</strong></span> <span class='ocrx_word' id='word_1_7' title='bbox 797 448 1199 490; x_wconf 79' lang='lat' dir='ltr'><strong>Constitutionibus</strong></span> <span class='ocrx_word' id='word_1_8' title='bbox 1233 450 1509 492; x_wconf 76' lang='lat' dir='ltr'>continetur:</span> <span class='ocrx_word' id='word_1_9' title='bbox 1544 453 1631 493; x_wconf 89' lang='lat' dir='ltr'><strong>Ro-</strong></span> 
     </span>
     <span class='ocr_line' id='line_1_3' title="bbox 245 521 1630 575; baseline 0.003 -12"><span class='ocrx_word' id='word_1_10' title='bbox 245 537 344 574; x_wconf 85' lang='lat' dir='ltr'><strong>mae,</strong></span> <span class='ocrx_word' id='word_1_11' title='bbox 365 522 434 564; x_wconf 88' lang='lat' dir='ltr'><strong>vel</strong></span> <span class='ocrx_word' id='word_1_12' title='bbox 454 521 570 574; x_wconf 85' lang='lat' dir='ltr'><strong>alibi,</strong></span> <span class='ocrx_word' id='word_1_13' title='bbox 590 522 667 563; x_wconf 86' lang='lat' dir='ltr'><strong>tali</strong></span> <span class='ocrx_word' id='word_1_14' title='bbox 688 522 772 574; x_wconf 83' lang='lat' dir='ltr'><strong>die,</strong></span> <span class='ocrx_word' id='word_1_15' title='bbox 794 537 958 574; x_wconf 85' lang='lat' dir='ltr'><strong>mense,</strong></span> <span class='ocrx_word' id='word_1_16' title='bbox 981 530 1024 564; x_wconf 86' lang='lat' dir='ltr'><strong>et</strong></span> <span class='ocrx_word' id='word_1_17' title='bbox 1047 538 1177 575; x_wconf 87' lang='lat' dir='ltr'><strong>anno,</strong></span> <span class='ocrx_word' id='word_1_18' title='bbox 1199 532 1242 565; x_wconf 92' lang='lat' dir='ltr'><strong>et</strong></span> <span class='ocrx_word' id='word_1_19' title='bbox 1264 524 1309 564; x_wconf 92' lang='lat' dir='ltr'><strong>in</strong></span> <span class='ocrx_word' id='word_1_20' title='bbox 1331 524 1406 566; x_wconf 86' lang='lat' dir='ltr'><strong>tali</strong></span> <span class='ocrx_word' id='word_1_21' title='bbox 1438 526 1630 568; x_wconf 86' lang='lat' dir='ltr'><strong>ecclesia.</strong></span> 
     </span>
     <span class='ocr_line' id='line_1_4' title="bbox 248 597 1632 641; baseline 0.002 -3"><span class='ocrx_word' id='word_1_22' title='bbox 248 597 354 638; x_wconf 90' lang='lat' dir='ltr'><strong>Post</strong></span> <span class='ocrx_word' id='word_1_23' title='bbox 385 597 479 638; x_wconf 89' lang='lat' dir='ltr'><strong>haec</strong></span> <span class='ocrx_word' id='word_1_24' title='bbox 517 602 661 638; x_wconf 88' lang='lat' dir='ltr'><strong>sumet</strong></span> <span class='ocrx_word' id='word_1_25' title='bbox 694 597 1020 639; x_wconf 89' lang='lat' dir='ltr'><strong>sanctissimum</strong></span> <span class='ocrx_word' id='word_1_26' title='bbox 1057 598 1347 640; x_wconf 68' lang='lat' dir='ltr'><strong>Eucharistiae</strong></span> <span class='ocrx_word' id='word_1_27' title='bbox 1378 599 1632 641; x_wconf 85' lang='lat' dir='ltr'><strong>Sacramen-</strong></span> 
     </span>
     <span class='ocr_line' id='line_1_5' title="bbox 244 672 1632 728; baseline 0.002 -15"><span class='ocrx_word' id='word_1_28' title='bbox 244 676 354 714; x_wconf 87' lang='lat' dir='ltr'><strong>tum.</strong></span> <span class='ocrx_word' id='word_1_29' title='bbox 418 672 591 715; x_wconf 72' lang='lat' dir='ltr'><strong>Quibus</strong></span> <span class='ocrx_word' id='word_1_30' title='bbox 627 672 828 728; x_wconf 77' lang='lat' dir='ltr'><strong>peractis,</strong></span> <span class='ocrx_word' id='word_1_31' title='bbox 855 673 900 713; x_wconf 91' lang='lat' dir='ltr'><strong>in</strong></span> <span class='ocrx_word' id='word_1_32' title='bbox 933 672 1058 725; x_wconf 89' lang='lat' dir='ltr'><strong>libro,</strong></span> <span class='ocrx_word' id='word_1_33' title='bbox 1093 689 1221 728; x_wconf 89' lang='lat' dir='ltr'><strong>quem</strong></span> <span class='ocrx_word' id='word_1_34' title='bbox 1256 675 1311 715; x_wconf 88' lang='lat' dir='ltr'><strong>ad</strong></span> <span class='ocrx_word' id='word_1_35' title='bbox 1340 675 1422 716; x_wconf 89' lang='lat' dir='ltr'><strong>hoc</strong></span> <span class='ocrx_word' id='word_1_36' title='bbox 1456 675 1632 716; x_wconf 84' lang='lat' dir='ltr'>habebit</span> 
     </span>
     <span class='ocr_line' id='line_1_6' title="bbox 247 747 1632 804; baseline 0.002 -15"><span class='ocrx_word' id='word_1_37' title='bbox 247 747 455 800; x_wconf 80' lang='lat' dir='ltr'>Societas,</span> <span class='ocrx_word' id='word_1_38' title='bbox 477 747 569 804; x_wconf 88' lang='lat' dir='ltr'><strong>ejus</strong></span> <span class='ocrx_word' id='word_1_39' title='bbox 592 763 767 800; x_wconf 89' lang='lat' dir='ltr'><strong>nomen,</strong></span> <span class='ocrx_word' id='word_1_40' title='bbox 789 748 865 803; x_wconf 90' lang='lat' dir='ltr'><strong>qui</strong></span> <span class='ocrx_word' id='word_1_41' title='bbox 893 748 1208 804; x_wconf 84' lang='lat' dir='ltr'>professionem</span> <span class='ocrx_word' id='word_1_42' title='bbox 1241 750 1399 802; x_wconf 80' lang='lat' dir='ltr'><strong>emisit,</strong></span> <span class='ocrx_word' id='word_1_43' title='bbox 1428 756 1471 791; x_wconf 92' lang='lat' dir='ltr'><strong>et</strong></span> <span class='ocrx_word' id='word_1_44' title='bbox 1501 751 1632 803; x_wconf 87' lang='lat' dir='ltr'><strong>illius,</strong></span> 
     </span>
     <span class='ocr_line' id='line_1_7' title="bbox 245 821 1632 878; baseline 0.003 -15"><span class='ocrx_word' id='word_1_45' title='bbox 245 822 291 864; x_wconf 90' lang='lat' dir='ltr'><strong>in</strong></span> <span class='ocrx_word' id='word_1_46' title='bbox 313 822 438 878; x_wconf 84' lang='lat' dir='ltr'><strong>cujus</strong></span> <span class='ocrx_word' id='word_1_47' title='bbox 466 821 670 864; x_wconf 91' lang='lat' dir='ltr'><strong>manibus</strong></span> <span class='ocrx_word' id='word_1_48' title='bbox 701 822 859 874; x_wconf 78' lang='lat' dir='ltr'><strong>emisit,</strong></span> <span class='ocrx_word' id='word_1_49' title='bbox 888 823 1096 865; x_wconf 86' lang='lat' dir='ltr'><strong>adnotato</strong></span> <span class='ocrx_word' id='word_1_50' title='bbox 1129 823 1212 875; x_wconf 89' lang='lat' dir='ltr'><strong>die,</strong></span> <span class='ocrx_word' id='word_1_51' title='bbox 1244 839 1409 876; x_wconf 88' lang='lat' dir='ltr'><strong>mense,</strong></span> <span class='ocrx_word' id='word_1_52' title='bbox 1437 833 1479 866; x_wconf 92' lang='lat' dir='ltr'><strong>et</strong></span> <span class='ocrx_word' id='word_1_53' title='bbox 1502 840 1632 878; x_wconf 85' lang='lat' dir='ltr'><strong>anno,</strong></span> 
     </span>
     <span class='ocr_line' id='line_1_8' title="bbox 246 896 1633 952; baseline 0.002 -14"><span class='ocrx_word' id='word_1_54' title='bbox 246 896 458 938; x_wconf 85' lang='lat' dir='ltr'><strong>scribetur</strong></span> <span class='ocrx_word' id='word_1_55' title='bbox 471 913 483 948; x_wconf 91' lang='lat'>;</span> <span class='ocrx_word' id='word_1_56' title='bbox 516 902 559 938; x_wconf 88' lang='lat' dir='ltr'><strong>et</strong></span> <span class='ocrx_word' id='word_1_57' title='bbox 580 896 673 952; x_wconf 89' lang='lat' dir='ltr'><strong>ejus</strong></span> <span class='ocrx_word' id='word_1_58' title='bbox 694 896 810 938; x_wconf 81' lang='lat' dir='ltr'><strong>Vota</strong></span> <span class='ocrx_word' id='word_1_59' title='bbox 832 897 994 952; x_wconf 86' lang='lat' dir='ltr'><strong>scripta</strong></span> <span class='ocrx_word' id='word_1_60' title='bbox 1015 898 1354 939; x_wconf 84' lang='lat' dir='ltr'><strong>asservabuntur</strong></span> <span class='ocrx_word' id='word_1_61' title='bbox 1367 916 1379 950; x_wconf 82' lang='lat'>3</span> <span class='ocrx_word' id='word_1_62' title='bbox 1411 907 1461 940; x_wconf 89' lang='lat' dir='ltr'><strong>ut</strong></span> <span class='ocrx_word' id='word_1_63' title='bbox 1493 900 1633 941; x_wconf 90' lang='lat' dir='ltr'><strong>omni-</strong></span> 
     </span>
     <span class='ocr_line' id='line_1_9' title="bbox 245 970 1238 1026; baseline 0.002 -15"><span class='ocrx_word' id='word_1_64' title='bbox 245 986 320 1012; x_wconf 91' lang='lat' dir='ltr'><strong>um</strong></span> <span class='ocrx_word' id='word_1_65' title='bbox 343 971 398 1012; x_wconf 89' lang='lat' dir='ltr'><strong>ad</strong></span> <span class='ocrx_word' id='word_1_66' title='bbox 419 970 601 1026; x_wconf 84' lang='lat' dir='ltr'><strong>gloriam</strong></span> <span class='ocrx_word' id='word_1_67' title='bbox 623 971 709 1012; x_wconf 90' lang='lat' dir='ltr'><strong>Dei</strong></span> <span class='ocrx_word' id='word_1_68' title='bbox 729 971 839 1012; x_wconf 91' lang='lat' dir='ltr'><strong>ratio</strong></span> <span class='ocrx_word' id='word_1_69' title='bbox 862 986 1033 1026; x_wconf 82' lang='lat' dir='ltr'><strong>semper</strong></span> <span class='ocrx_word' id='word_1_70' title='bbox 1054 978 1238 1013; x_wconf 85' lang='lat' dir='ltr'><strong>constet.</strong></span> 
     </span>
    </p>

    <p class='ocr_par' dir='ltr' id='par_1_3' title="bbox 245 1045 1632 1402">
     <span class='ocr_line' id='line_1_10' title="bbox 247 1045 1631 1100; baseline 0.001 -12"><span class='ocrx_word' id='word_1_71' title='bbox 247 1045 337 1089; x_wconf 73' lang='lat' dir='ltr'><strong>Qui</strong></span> <span class='ocrx_word' id='word_1_72' title='bbox 358 1045 414 1086; x_wconf 87' lang='lat' dir='ltr'><strong>ad</strong></span> <span class='ocrx_word' id='word_1_73' title='bbox 433 1045 748 1100; x_wconf 87' lang='lat' dir='ltr'><strong>professionem</strong></span> <span class='ocrx_word' id='word_1_74' title='bbox 770 1045 903 1087; x_wconf 89' lang='lat' dir='ltr'><strong>trium</strong></span> <span class='ocrx_word' id='word_1_75' title='bbox 926 1054 1126 1087; x_wconf 88' lang='lat' dir='ltr'><strong>votorum</strong></span> <span class='ocrx_word' id='word_1_76' title='bbox 1150 1047 1395 1088; x_wconf 90' lang='lat' dir='ltr'><strong>solennium</strong></span> <span class='ocrx_word' id='word_1_77' title='bbox 1418 1047 1631 1090; x_wconf 81' lang='lat' dir='ltr'><strong>duntaxat</strong></span> 
     </span>
     <span class='ocr_line' id='line_1_11' title="bbox 245 1120 1632 1175; baseline 0.002 -14"><span class='ocrx_word' id='word_1_78' title='bbox 245 1120 547 1172; x_wconf 87' lang='lat' dir='ltr'><strong>admittentur,</strong></span> <span class='ocrx_word' id='word_1_79' title='bbox 568 1120 614 1161; x_wconf 92' lang='lat' dir='ltr'><strong>in</strong></span> <span class='ocrx_word' id='word_1_80' title='bbox 637 1120 831 1173; x_wconf 87' lang='lat' dir='ltr'><strong>ecclesia,</strong></span> <span class='ocrx_word' id='word_1_81' title='bbox 854 1135 903 1162; x_wconf 89' lang='lat' dir='ltr'><strong>ac</strong></span> <span class='ocrx_word' id='word_1_82' title='bbox 925 1136 1070 1162; x_wconf 87' lang='lat' dir='ltr'><strong>coram</strong></span> <span class='ocrx_word' id='word_1_83' title='bbox 1093 1122 1342 1163; x_wconf 85' lang='lat' dir='ltr'><strong>domesticis</strong></span> <span class='ocrx_word' id='word_1_84' title='bbox 1366 1130 1408 1163; x_wconf 87' lang='lat' dir='ltr'><strong>et</strong></span> <span class='ocrx_word' id='word_1_85' title='bbox 1430 1124 1632 1175; x_wconf 81' lang='lat' dir='ltr'><strong>externis,</strong></span> 
     </span>
     <span class='ocr_line' id='line_1_12' title="bbox 245 1194 1632 1253; baseline 0.002 -17"><span class='ocrx_word' id='word_1_86' title='bbox 245 1194 320 1250; x_wconf 91' lang='lat' dir='ltr'><strong>qui</strong></span> <span class='ocrx_word' id='word_1_87' title='bbox 353 1195 538 1248; x_wconf 87' lang='lat' dir='ltr'><strong>aderint,</strong></span> <span class='ocrx_word' id='word_1_88' title='bbox 580 1196 681 1237; x_wconf 71' lang='lat' dir='ltr'><strong>ante</strong></span> <span class='ocrx_word' id='word_1_89' title='bbox 723 1196 855 1250; x_wconf 68' lang='lat' dir='ltr'><strong>quam</strong></span> <span class='ocrx_word' id='word_1_90' title='bbox 899 1195 1224 1237; x_wconf 87' lang='lat' dir='ltr'><strong>sanctissimum</strong></span> <span class='ocrx_word' id='word_1_91' title='bbox 1269 1196 1433 1238; x_wconf 90' lang='lat' dir='ltr'><strong>Christi</strong></span> <span class='ocrx_word' id='word_1_92' title='bbox 1475 1213 1632 1253; x_wconf 85' lang='lat' dir='ltr'><strong>corpus</strong></span> 
     </span>
     <span class='ocr_line' id='line_1_13' title="bbox 246 1271 1632 1327; baseline 0.001 -15"><span class='ocrx_word' id='word_1_93' title='bbox 246 1271 475 1326; x_wconf 85' lang='lat' dir='ltr'><strong>accipiant,</strong></span> <span class='ocrx_word' id='word_1_94' title='bbox 501 1285 554 1312; x_wconf 86' lang='lat' dir='ltr'><strong>ex</strong></span> <span class='ocrx_word' id='word_1_95' title='bbox 590 1271 752 1327; x_wconf 88' lang='lat' dir='ltr'><strong>scripto</strong></span> <span class='ocrx_word' id='word_1_96' title='bbox 791 1287 919 1313; x_wconf 90' lang='lat' dir='ltr'><strong>suum</strong></span> <span class='ocrx_word' id='word_1_97' title='bbox 955 1279 1106 1313; x_wconf 86' lang='lat' dir='ltr'><strong>votum</strong></span> <span class='ocrx_word' id='word_1_98' title='bbox 1143 1271 1271 1326; x_wconf 85' lang='lat' dir='ltr'><strong>juxta</strong></span> <span class='ocrx_word' id='word_1_99' title='bbox 1306 1272 1537 1314; x_wconf 86' lang='lat' dir='ltr'><strong>formulam</strong></span> <span class='ocrx_word' id='word_1_100' title='bbox 1568 1289 1632 1315; x_wconf 89' lang='lat' dir='ltr'><strong>se-</strong></span> 
     </span>
     <span class='ocr_line' id='line_1_14' title="bbox 246 1346 636 1402; baseline 0 -15"><span class='ocrx_word' id='word_1_101' title='bbox 246 1353 455 1401; x_wconf 87' lang='lat' dir='ltr'><strong>quentem</strong></span> <span class='ocrx_word' id='word_1_102' title='bbox 474 1346 636 1402; x_wconf 86' lang='lat' dir='ltr'><strong>legent.</strong></span> 
     </span>
    </p>

    <p class='ocr_par' dir='ltr' id='par_1_4' title="bbox 245 1421 1633 2362">
     <span class='ocr_line' id='line_1_15' title="bbox 246 1421 1632 1479; baseline 0.001 -16"><span class='ocrx_word' id='word_1_103' title='bbox 246 1421 358 1477; x_wconf 84' lang='lat' dir='ltr'><strong>Ego.</strong></span> <span class='ocrx_word' id='word_1_104' title='bbox 395 1422 454 1463; x_wconf 94' lang='lat' dir='ltr'><strong>N.</strong></span> <span class='ocrx_word' id='word_1_105' title='bbox 498 1421 816 1464; x_wconf 88' lang='lat' dir='ltr'><strong>Professionem</strong></span> <span class='ocrx_word' id='word_1_106' title='bbox 852 1421 978 1475; x_wconf 88' lang='lat' dir='ltr'><strong>facio,</strong></span> <span class='ocrx_word' id='word_1_107' title='bbox 1011 1430 1055 1464; x_wconf 92' lang='lat' dir='ltr'><strong>et</strong></span> <span class='ocrx_word' id='word_1_108' title='bbox 1095 1422 1304 1478; x_wconf 87' lang='lat' dir='ltr'><strong>promitto</strong></span> <span class='ocrx_word' id='word_1_109' title='bbox 1342 1423 1632 1479; x_wconf 88' lang='lat' dir='ltr'><strong>omnipotenti</strong></span> 
     </span>
     <span class='ocr_line' id='line_1_16' title="bbox 246 1495 1632 1552; baseline 0 -13"><span class='ocrx_word' id='word_1_110' title='bbox 246 1497 343 1539; x_wconf 87' lang='lat' dir='ltr'><strong>Deo</strong></span> <span class='ocrx_word' id='word_1_111' title='bbox 365 1510 511 1537; x_wconf 91' lang='lat' dir='ltr'><strong>coram</strong></span> <span class='ocrx_word' id='word_1_112' title='bbox 532 1495 625 1552; x_wconf 90' lang='lat' dir='ltr'><strong>ejus</strong></span> <span class='ocrx_word' id='word_1_113' title='bbox 647 1496 828 1552; x_wconf 87' lang='lat' dir='ltr'><strong>Virgine</strong></span> <span class='ocrx_word' id='word_1_114' title='bbox 849 1504 1002 1549; x_wconf 88' lang='lat' dir='ltr'><strong>matre,</strong></span> <span class='ocrx_word' id='word_1_115' title='bbox 1024 1505 1068 1538; x_wconf 89' lang='lat' dir='ltr'><strong>et</strong></span> <span class='ocrx_word' id='word_1_116' title='bbox 1089 1497 1290 1539; x_wconf 77' lang='lat' dir='ltr'><strong>universa</strong></span> <span class='ocrx_word' id='word_1_117' title='bbox 1316 1497 1479 1539; x_wconf 88' lang='lat' dir='ltr'><strong>coelesti</strong></span> <span class='ocrx_word' id='word_1_118' title='bbox 1500 1499 1632 1549; x_wconf 88' lang='lat' dir='ltr'><strong>curia,</strong></span> 
     </span>
     <span class='ocr_line' id='line_1_17' title="bbox 246 1571 1632 1629; baseline 0.002 -17"><span class='ocrx_word' id='word_1_119' title='bbox 246 1586 296 1613; x_wconf 88' lang='lat' dir='ltr'><strong>ac</strong></span> <span class='ocrx_word' id='word_1_120' title='bbox 328 1571 531 1613; x_wconf 89' lang='lat' dir='ltr'><strong>omnibus</strong></span> <span class='ocrx_word' id='word_1_121' title='bbox 563 1571 949 1624; x_wconf 85' lang='lat' dir='ltr'><strong>circunstantibus,</strong></span> <span class='ocrx_word' id='word_1_122' title='bbox 981 1580 1024 1614; x_wconf 87' lang='lat' dir='ltr'><strong>et</strong></span> <span class='ocrx_word' id='word_1_123' title='bbox 1056 1572 1134 1614; x_wconf 92' lang='lat' dir='ltr'><strong>tibi</strong></span> <span class='ocrx_word' id='word_1_124' title='bbox 1165 1574 1217 1614; x_wconf 88' lang='lat' dir='ltr'><strong>R.</strong></span> <span class='ocrx_word' id='word_1_125' title='bbox 1242 1572 1360 1614; x_wconf 89' lang='lat' dir='ltr'><strong>Patri</strong></span> <span class='ocrx_word' id='word_1_126' title='bbox 1393 1573 1632 1629; x_wconf 84' lang='lat' dir='ltr'><strong>Praeposito</strong></span> 
     </span>
     <span class='ocr_line' id='line_1_18' title="bbox 248 1647 1633 1700; baseline 0.002 -12"><span class='ocrx_word' id='word_1_127' title='bbox 248 1647 454 1689; x_wconf 88' lang='lat' dir='ltr'><strong>Generali</strong></span> <span class='ocrx_word' id='word_1_128' title='bbox 477 1647 704 1689; x_wconf 84' lang='lat' dir='ltr'><strong>Societatis</strong></span> <span class='ocrx_word' id='word_1_129' title='bbox 726 1648 756 1689; x_wconf 90' lang='lat' dir='ltr'><strong>J</strong></span> <span class='ocrx_word' id='word_1_130' title='bbox 759 1663 837 1688; x_wconf 90' lang='lat' dir='ltr'><strong>esu</strong></span> <span class='ocrx_word' id='word_1_131' title='bbox 858 1650 991 1689; x_wconf 75' lang='lat' dir='ltr'><strong>locum</strong></span> <span class='ocrx_word' id='word_1_132' title='bbox 1012 1649 1094 1689; x_wconf 76' lang='lat' dir='ltr'><strong>Dez·</strong></span> <span class='ocrx_word' id='word_1_133' title='bbox 1127 1651 1297 1700; x_wconf 76' lang='lat' dir='ltr'><strong>tenenti,</strong></span> <span class='ocrx_word' id='word_1_134' title='bbox 1330 1664 1377 1690; x_wconf 91' lang='lat' dir='ltr'><strong>ac</strong></span> <span class='ocrx_word' id='word_1_135' title='bbox 1412 1664 1633 1691; x_wconf 88' lang='lat' dir='ltr'><strong>successo-</strong></span> 
     </span>
     <span class='ocr_line' id='line_1_19' title="bbox 245 1721 1632 1778; baseline 0.001 -16"><span class='ocrx_word' id='word_1_136' title='bbox 245 1722 366 1763; x_wconf 91' lang='lat' dir='ltr'><strong>ribus</strong></span> <span class='ocrx_word' id='word_1_137' title='bbox 398 1721 486 1763; x_wconf 88' lang='lat' dir='ltr'><strong>tuis</strong></span> <span class='ocrx_word' id='word_1_138' title='bbox 504 1739 516 1773; x_wconf 82' lang='lat'><em>3</em></span> <span class='ocrx_word' id='word_1_139' title='bbox 559 1722 642 1773; x_wconf 87' lang='lat' dir='ltr'><strong>vel,</strong></span> <span class='ocrx_word' id='word_1_140' title='bbox 679 1721 759 1763; x_wconf 88' lang='lat' dir='ltr'><strong>tibi</strong></span> <span class='ocrx_word' id='word_1_141' title='bbox 792 1722 846 1763; x_wconf 86' lang='lat' dir='ltr'><strong>R.</strong></span> <span class='ocrx_word' id='word_1_142' title='bbox 874 1722 992 1763; x_wconf 86' lang='lat' dir='ltr'><strong>Patri</strong></span> <span class='ocrx_word' id='word_1_143' title='bbox 1019 1722 1111 1764; x_wconf 90' lang='lat' dir='ltr'><strong>vice</strong></span> <span class='ocrx_word' id='word_1_144' title='bbox 1144 1723 1371 1778; x_wconf 83' lang='lat' dir='ltr'><strong>Praepositi</strong></span> <span class='ocrx_word' id='word_1_145' title='bbox 1407 1723 1632 1765; x_wconf 85' lang='lat' dir='ltr'><strong>Generalis</strong></span> 
     </span>
     <span class='ocr_line' id='line_1_20' title="bbox 249 1797 1632 1853; baseline 0.001 -14"><span class='ocrx_word' id='word_1_146' title='bbox 249 1797 477 1839; x_wconf 87' lang='lat' dir='ltr'><strong>Societatis</strong></span> <span class='ocrx_word' id='word_1_147' title='bbox 499 1797 623 1849; x_wconf 88' lang='lat' dir='ltr'><strong>Jesu,</strong></span> <span class='ocrx_word' id='word_1_148' title='bbox 645 1802 689 1838; x_wconf 87' lang='lat' dir='ltr'><strong>et</strong></span> <span class='ocrx_word' id='word_1_149' title='bbox 717 1811 1017 1839; x_wconf 86' lang='lat' dir='ltr'><strong>successorum</strong></span> <span class='ocrx_word' id='word_1_150' title='bbox 1049 1797 1158 1853; x_wconf 85' lang='lat' dir='ltr'><strong>ejus,</strong></span> <span class='ocrx_word' id='word_1_151' title='bbox 1191 1800 1324 1839; x_wconf 75' lang='lat' dir='ltr'><strong>locum</strong></span> <span class='ocrx_word' id='word_1_152' title='bbox 1345 1799 1428 1839; x_wconf 70' lang='lat' dir='ltr'><strong>Dei</strong></span> <span class='ocrx_word' id='word_1_153' title='bbox 1462 1802 1632 1850; x_wconf 73' lang='lat' dir='ltr'><strong>tenenti,</strong></span> 
     </span>
     <span class='ocr_line' id='line_1_21' title="bbox 247 1872 1633 1928; baseline 0.001 -14"><span class='ocrx_word' id='word_1_154' title='bbox 247 1880 504 1928; x_wconf 86' lang='lat' dir='ltr'><strong>perpetuam</strong></span> <span class='ocrx_word' id='word_1_155' title='bbox 535 1872 857 1928; x_wconf 86' lang='lat' dir='ltr'><strong>Paupertatem,</strong></span> <span class='ocrx_word' id='word_1_156' title='bbox 882 1872 1156 1924; x_wconf 88' lang='lat' dir='ltr'><strong>Castitatem,</strong></span> <span class='ocrx_word' id='word_1_157' title='bbox 1178 1880 1221 1914; x_wconf 88' lang='lat' dir='ltr'><strong>et</strong></span> <span class='ocrx_word' id='word_1_158' title='bbox 1245 1873 1567 1925; x_wconf 88' lang='lat' dir='ltr'><strong>Obedientiam,</strong></span> <span class='ocrx_word' id='word_1_159' title='bbox 1591 1884 1633 1915; x_wconf 86' lang='lat' dir='ltr'><strong>et</strong></span> 
     </span>
     <span class='ocr_line' id='line_1_22' title="bbox 247 1946 1632 2000; baseline 0 -12"><span class='ocrx_word' id='word_1_160' title='bbox 247 1946 489 1988; x_wconf 61' lang='lat' dir='ltr'><strong>seeundum</strong></span> <span class='ocrx_word' id='word_1_161' title='bbox 511 1961 620 1997; x_wconf 86' lang='lat' dir='ltr'><strong>eam,</strong></span> <span class='ocrx_word' id='word_1_162' title='bbox 643 1948 904 1999; x_wconf 76' lang='lat' dir='ltr'><strong>peculiarem</strong></span> <span class='ocrx_word' id='word_1_163' title='bbox 927 1960 1071 1987; x_wconf 77' lang='lat' dir='ltr'><strong>curam</strong></span> <span class='ocrx_word' id='word_1_164' title='bbox 1098 1949 1212 1988; x_wconf 79' lang='lat' dir='ltr'><strong>circa</strong></span> <span class='ocrx_word' id='word_1_165' title='bbox 1235 1961 1468 2000; x_wconf 76' lang='lat' dir='ltr'><strong>puerorum</strong></span> <span class='ocrx_word' id='word_1_166' title='bbox 1493 1950 1632 1988; x_wconf 73' lang='lat' dir='ltr'><strong>eracli-</strong></span> 
     </span>
     <span class='ocr_line' id='line_1_23' title="bbox 248 2021 1632 2077; baseline 0.001 -15"><span class='ocrx_word' id='word_1_167' title='bbox 248 2023 415 2072; x_wconf 79' lang='lat' dir='ltr'><strong>tz‘onem,</strong></span> <span class='ocrx_word' id='word_1_168' title='bbox 459 2021 588 2076; x_wconf 81' lang='lat' dir='ltr'><strong>juxta</strong></span> <span class='ocrx_word' id='word_1_169' title='bbox 628 2021 812 2062; x_wconf 86' lang='lat' dir='ltr'><strong>formam</strong></span> <span class='ocrx_word' id='word_1_170' title='bbox 864 2021 1037 2061; x_wconf 81' lang='lat' dir='ltr'><strong>vivendi</strong></span> <span class='ocrx_word' id='word_1_171' title='bbox 1084 2021 1129 2061; x_wconf 90' lang='lat' dir='ltr'><strong>in</strong></span> <span class='ocrx_word' id='word_1_172' title='bbox 1171 2021 1326 2062; x_wconf 88' lang='lat' dir='ltr'><strong>litteris</strong></span> <span class='ocrx_word' id='word_1_173' title='bbox 1367 2023 1632 2077; x_wconf 82' lang='lat' dir='ltr'><strong>Apostolicis</strong></span> 
     </span>
     <span class='ocr_line' id='line_1_24' title="bbox 251 2094 1630 2150; baseline 0.001 -13"><span class='ocrx_word' id='word_1_174' title='bbox 251 2095 478 2138; x_wconf 87' lang='lat' dir='ltr'><strong>Societatis</strong></span> <span class='ocrx_word' id='word_1_175' title='bbox 501 2095 624 2146; x_wconf 90' lang='lat' dir='ltr'><strong>Jesu,</strong></span> <span class='ocrx_word' id='word_1_176' title='bbox 650 2103 693 2136; x_wconf 92' lang='lat' dir='ltr'><strong>et</strong></span> <span class='ocrx_word' id='word_1_177' title='bbox 724 2094 767 2135; x_wconf 91' lang='lat' dir='ltr'><strong>in</strong></span> <span class='ocrx_word' id='word_1_178' title='bbox 801 2094 894 2150; x_wconf 90' lang='lat' dir='ltr'><strong>ejus</strong></span> <span class='ocrx_word' id='word_1_179' title='bbox 918 2094 1319 2137; x_wconf 85' lang='lat' dir='ltr'><strong>Constitutionibus</strong></span> <span class='ocrx_word' id='word_1_180' title='bbox 1351 2104 1601 2138; x_wconf 90' lang='lat' dir='ltr'><strong>contentam</strong></span> <span class='ocrx_word' id='word_1_181' title='bbox 1622 2115 1630 2139; x_wconf 91' lang='lat'><strong>:</strong></span> 
     </span>
     <span class='ocr_line' id='line_1_25' title="bbox 252 2170 1632 2223; baseline 0.001 -11"><span class='ocrx_word' id='word_1_182' title='bbox 252 2172 417 2222; x_wconf 84' lang='lat' dir='ltr'><strong>Romae,</strong></span> <span class='ocrx_word' id='word_1_183' title='bbox 449 2170 517 2212; x_wconf 87' lang='lat' dir='ltr'><strong>vel</strong></span> <span class='ocrx_word' id='word_1_184' title='bbox 553 2170 668 2222; x_wconf 88' lang='lat' dir='ltr'><strong>alibi,</strong></span> <span class='ocrx_word' id='word_1_185' title='bbox 706 2170 781 2211; x_wconf 84' lang='lat' dir='ltr'><strong>tali</strong></span> <span class='ocrx_word' id='word_1_186' title='bbox 823 2170 906 2222; x_wconf 90' lang='lat' dir='ltr'><strong>die,</strong></span> <span class='ocrx_word' id='word_1_187' title='bbox 943 2185 1106 2222; x_wconf 80' lang='lat' dir='ltr'><strong>mense,</strong></span> <span class='ocrx_word' id='word_1_188' title='bbox 1141 2179 1183 2212; x_wconf 89' lang='lat' dir='ltr'><strong>et</strong></span> <span class='ocrx_word' id='word_1_189' title='bbox 1217 2186 1331 2213; x_wconf 86' lang='lat' dir='ltr'><strong>anno</strong></span> <span class='ocrx_word' id='word_1_190' title='bbox 1350 2189 1360 2223; x_wconf 83' lang='lat'><em>3</em></span> <span class='ocrx_word' id='word_1_191' title='bbox 1408 2180 1450 2213; x_wconf 92' lang='lat' dir='ltr'><strong>et</strong></span> <span class='ocrx_word' id='word_1_192' title='bbox 1480 2173 1525 2213; x_wconf 90' lang='lat' dir='ltr'><strong>in</strong></span> <span class='ocrx_word' id='word_1_193' title='bbox 1557 2173 1632 2214; x_wconf 88' lang='lat' dir='ltr'><strong>tali</strong></span> 
     </span>
     <span class='ocr_line' id='line_1_26' title="bbox 245 2244 1632 2303; baseline 0.001 -17"><span class='ocrx_word' id='word_1_194' title='bbox 245 2245 442 2287; x_wconf 88' lang='lat' dir='ltr'><strong>ecclesia.</strong></span> <span class='ocrx_word' id='word_1_195' title='bbox 504 2244 674 2287; x_wconf 90' lang='lat' dir='ltr'><strong>Deinde</strong></span> <span class='ocrx_word' id='word_1_196' title='bbox 704 2252 909 2300; x_wconf 87' lang='lat' dir='ltr'><strong>sequetur</strong></span> <span class='ocrx_word' id='word_1_197' title='bbox 941 2245 1218 2298; x_wconf 91' lang='lat' dir='ltr'><strong>Communio,</strong></span> <span class='ocrx_word' id='word_1_198' title='bbox 1247 2254 1290 2288; x_wconf 85' lang='lat' dir='ltr'><strong>et</strong></span> <span class='ocrx_word' id='word_1_199' title='bbox 1315 2246 1479 2302; x_wconf 88' lang='lat' dir='ltr'><strong>reliqua</strong></span> <span class='ocrx_word' id='word_1_200' title='bbox 1505 2262 1632 2303; x_wconf 90' lang='lat' dir='ltr'><strong>supe-</strong></span> 
     </span>
     <span class='ocr_line' id='line_1_27' title="bbox 249 2320 490 2362; baseline 0 0"><span class='ocrx_word' id='word_1_201' title='bbox 249 2321 339 2362; x_wconf 88' lang='lat' dir='ltr'><strong>rius</strong></span> <span class='ocrx_word' id='word_1_202' title='bbox 361 2320 490 2362; x_wconf 87' lang='lat' dir='ltr'><strong>dicta.</strong></span> 
     </span>
    </p>
   </div>
   <div class='ocr_carea' id='block_1_3' title="bbox 836 2419 952 2426">
    <p class='ocr_par' dir='ltr' id='par_1_5' title="bbox 836 2419 952 2426">
     <span class='ocr_line' id='line_1_28' title="bbox 836 2419 952 2426; baseline -0.009 0"><span class='ocrx_word' id='word_1_203' title='bbox 836 2419 952 2426; x_wconf 74' lang='lat'><strong>——-</strong></span> 
     </span>
    </p>
   </div>
   <div class='ocr_carea' id='block_1_4' title="bbox 323 2519 1477 2622">
    <p class='ocr_par' dir='ltr' id='par_1_6' title="bbox 323 2519 1477 2622">
     <span class='ocr_line' id='line_1_29' title="bbox 323 2519 1477 2558; baseline 0.001 -11"><span class='ocrx_word' id='word_1_204' title='bbox 323 2520 385 2547; x_wconf 86' lang='lat' dir='ltr'><strong>DE</strong></span> <span class='ocrx_word' id='word_1_205' title='bbox 410 2520 753 2548; x_wconf 88' lang='lat' dir='ltr'>ADMITTENDIS</span> <span class='ocrx_word' id='word_1_206' title='bbox 778 2519 1186 2547; x_wconf 72' lang='lat' dir='ltr'><strong>COADJUTORIBL&#39;S</strong></span> <span class='ocrx_word' id='word_1_207' title='bbox 1213 2520 1477 2558; x_wconf 81' lang='lat' dir='ltr'><strong>FORMATIS,</strong></span> 
     </span>
     <span class='ocr_line' id='line_1_30' title="bbox 674 2593 1118 2622; baseline -0.002 0"><span class='ocrx_word' id='word_1_208' title='bbox 674 2595 733 2622; x_wconf 88' lang='lat' dir='ltr'><strong>ET</strong></span> <span class='ocrx_word' id='word_1_209' title='bbox 757 2593 1118 2622; x_wconf 83' lang='lat' dir='ltr'>SCHOLASTICIS.</span> 
     </span>
    </p>
   </div>
   <div class='ocr_carea' id='block_1_5' title="bbox 776 2663 1020 2706">
    <p class='ocr_par' dir='ltr' id='par_1_7' title="bbox 776 2663 1020 2706">
     <span class='ocr_line' id='line_1_31' title="bbox 776 2663 1020 2706; baseline 0.004 -1"><span class='ocrx_word' id='word_1_210' title='bbox 776 2663 906 2706; x_wconf 83' lang='lat' dir='ltr'><strong>CAP.</strong></span> <span class='ocrx_word' id='word_1_211' title='bbox 942 2665 1020 2706; x_wconf 91' lang='lat' dir='ltr'><strong>IV.</strong></span> 
     </span>
    </p>
   </div>
   <div class='ocr_carea' id='block_1_6' title="bbox 249 2747 1631 2878">
    <p class='ocr_par' dir='ltr' id='par_1_8' title="bbox 249 2747 1631 2878">
     <span class='ocr_line' id='line_1_32' title="bbox 250 2747 1630 2805; baseline 0.001 -15"><span class='ocrx_word' id='word_1_212' title='bbox 250 2748 348 2791; x_wconf 71' lang='lat' dir='ltr'><strong>QUI</strong></span> <span class='ocrx_word' id='word_1_213' title='bbox 371 2747 418 2789; x_wconf 87' lang='lat' dir='ltr'><strong>in</strong></span> <span class='ocrx_word' id='word_1_214' title='bbox 433 2747 719 2803; x_wconf 85' lang='lat' dir='ltr'><strong>Coadjutores</strong></span> <span class='ocrx_word' id='word_1_215' title='bbox 740 2747 947 2789; x_wconf 86' lang='lat' dir='ltr'><strong>formatos</strong></span> <span class='ocrx_word' id='word_1_216' title='bbox 971 2747 1216 2803; x_wconf 86' lang='lat' dir='ltr'><strong>spirituales</strong></span> <span class='ocrx_word' id='word_1_217' title='bbox 1239 2762 1339 2789; x_wconf 88' lang='lat' dir='ltr'><strong>cum</strong></span> <span class='ocrx_word' id='word_1_218' title='bbox 1363 2749 1630 2805; x_wconf 81' lang='lat' dir='ltr'><strong>simplicibus</strong></span> 
     </span>
     <span class='ocr_line' id='line_1_33' title="bbox 249 2824 1631 2878; baseline 0.001 -12"><span class='ocrx_word' id='word_1_219' title='bbox 249 2824 376 2877; x_wconf 84' lang='lat' dir='ltr'><strong>votis,</strong></span> <span class='ocrx_word' id='word_1_220' title='bbox 408 2832 449 2866; x_wconf 89' lang='lat' dir='ltr'><strong>et</strong></span> <span class='ocrx_word' id='word_1_221' title='bbox 493 2840 580 2866; x_wconf 88' lang='lat' dir='ltr'><strong>non</strong></span> <span class='ocrx_word' id='word_1_222' title='bbox 619 2824 870 2867; x_wconf 85' lang='lat' dir='ltr'><strong>solennibus</strong></span> <span class='ocrx_word' id='word_1_223' title='bbox 908 2824 1213 2877; x_wconf 86' lang='lat' dir='ltr'><strong>admittuntur,</strong></span> <span class='ocrx_word' id='word_1_224' title='bbox 1251 2824 1295 2866; x_wconf 92' lang='lat' dir='ltr'><strong>in</strong></span> <span class='ocrx_word' id='word_1_225' title='bbox 1336 2825 1528 2878; x_wconf 84' lang='lat' dir='ltr'><strong>ecclesia,</strong></span> <span class='ocrx_word' id='word_1_226' title='bbox 1565 2826 1631 2867; x_wconf 79' lang='lat' dir='ltr'><strong>vel</strong></span> 
     </span>
    </p>
   </div>
  </div>
 </body>
</html>
