1987 3374
162 2240 185 2288 7

160 2393 184 2430 8

711 351 831 377 PARS
868 350 1041 377 PRIMA.
1587 346 1611 381 9

230 460 301 501 alii
331 474 420 501 non
450 466 637 515 possunt
669 459 760 500 sine
793 458 1054 500 detrimento
1085 458 1259 514 majoris
1280 459 1400 514 boni)
1427 476 1518 502 esse
1541 477 1613 503 eos

228 541 399 590 oportet
439 533 573 588 (quod
614 534 669 574 ad
704 533 893 574 animam
936 534 1118 589 spectat)
1158 534 1285 575 bonae
1322 534 1612 587 conscientia),

227 608 412 663 quietos,
454 607 715 659 tractabiles,
766 615 977 649 amatores
1017 608 1190 649 virtutis
1233 623 1281 649 ac
1322 609 1613 664 perfectionis,

227 697 468 738 propensos
491 683 545 723 ad
566 683 854 734 devotionem,
870 683 943 737 qui
967 683 1214 725 domesticis
1237 690 1279 725 et
1301 684 1489 725 externis
1511 685 1614 725 aedi-

226 757 418 798 ficationi
447 756 549 808 sint,
577 757 652 811 qui
684 765 796 798 sorte
820 758 1008 798 Marthae
1034 758 1080 798 in
1103 758 1316 800 Societate
1340 759 1548 810 contenti,
1570 767 1611 800 et

225 832 280 872 ad
321 831 414 887 ejus
455 831 708 872 institutum
749 832 859 873 bene
903 832 1059 884 affecti,
1101 847 1195 874 eam
1235 832 1388 888 juvare
1430 834 1485 874 ad
1526 834 1611 875 Dei

226 905 408 960 gloriam
430 913 655 960 exoptent.

227 979 360 1022 Quod
381 980 435 1021 ad
457 986 634 1021 externa
655 979 832 1031 attinet3
871 982 1044 1022 honesta
1068 983 1216 1034 specie,
1249 982 1448 1034 sanitate,
1470 990 1611 1034 aetate,

223 1061 265 1095 et
296 1053 460 1095 viribus
493 1054 548 1095 ad
579 1054 747 1095 labores
780 1054 986 1110 corporis,
1018 1054 1063 1096 in
1097 1055 1311 1097 Societate
1344 1056 1611 1098 sufferendos

221 1128 393 1183 praediti
425 1143 518 1169 esse
550 1128 783 1179 deberent3
816 1136 859 1169 et
891 1129 965 1184 qui
996 1129 1169 1181 habere,
1190 1130 1259 1171 vel
1285 1130 1399 1171 certe
1420 1131 1611 1172 habituri

223 1216 315 1243 esse
337 1201 570 1257 aliquando
593 1202 808 1244 talentum
830 1203 1006 1258 aliquod
1028 1204 1083 1244 ad
1104 1219 1198 1245 eam
1229 1204 1470 1259 juvandam
1492 1206 1611 1247 vide-

222 1283 388 1317 rentur.

222 1350 466 1392 Admittere
487 1351 686 1392 homines
708 1352 868 1406 dzjffi'cilz‘
901 1353 1118 1393 admodum
1146 1354 1324 1406 inglem'o,
1346 1353 1413 1394 vel
1435 1354 1610 1395 inutiles

223 1423 579 1479 Congregationi,
599 1424 701 1465 licet
732 1425 929 1480 ipsismet
962 1441 1049 1466 non
1081 1426 1234 1468 inutile
1261 1427 1387 1479 foret,
1410 1428 1610 1479 admitti3

222 1497 545 1540 considerantes
587 1506 732 1539 tamen
768 1499 959 1540 instituti
1002 1500 1139 1541 nostri
1182 1501 1329 1552 finem,
1364 1517 1412 1542 ac
1454 1503 1611 1557 agendi

221 1572 467 1623 rationem3
519 1573 833 1628 persuademus
876 1574 1001 1615 nobis
1044 1574 1089 1614 in
1133 1575 1324 1616 Domino
1377 1577 1431 1617 ad
1473 1576 1610 1632 ipsius

219 1645 360 1700 majus
383 1646 607 1687 servitium
630 1655 673 1688 et
693 1647 868 1688 laudem
891 1663 978 1688 non
1002 1648 1217 1703 expedire.

221 1720 309 1763 Qui
350 1720 405 1761 ad
446 1721 528 1762 hoc
570 1721 918 1773 admitterentur,
960 1729 1009 1763 ut
1050 1722 1095 1763 in
1137 1723 1267 1764 rebus
1311 1724 1608 1779 spiritualibus

220 1793 482 1836 Societatem
496 1794 716 1850 juvarent,
735 1795 1048 1836 considerando
1067 1796 1172 1851 quid
1193 1797 1444 1853 hujusmodi
1458 1799 1608 1840 minis-

218 1868 376 1910 terium
417 1869 621 1925 requirat,
662 1878 712 1911 ut
754 1870 908 1911 animae
950 1871 1247 1926 proximorum
1287 1872 1510 1927 juventur,
1543 1890 1608 1915 se-

219 1943 454 1998 quentibus
477 1944 603 1985 donis
625 1943 710 1985 Dei
733 1945 876 1985 ornari
898 1960 970 1986 eos
994 1960 1169 1987 necesse
1193 1954 1272 1987 est,

221 2016 353 2060 Quod
386 2018 441 2058 ad
480 2017 750 2058 intellectum
793 2019 963 2070 attinet,
1006 2020 1204 2060 doctrina
1237 2035 1355 2071 sana,
1392 2021 1460 2061 vel
1496 2023 1606 2076 apti-

218 2091 369 2132 tudine
402 2091 456 2131 ad
487 2105 581 2131 eam
613 2091 934 2143 addiscendam,
957 2100 1000 2133 et
1026 2092 1071 2133 in
1094 2093 1223 2134 rebus
1246 2094 1424 2149 agendis
1447 2095 1605 2137 discre-

217 2165 350 2216 tione,
370 2165 438 2206 vel
459 2165 574 2206 certe
595 2166 739 2207 indole
761 2166 864 2208 boni
887 2166 1042 2222 judicii
1065 2168 1118 2209 ad
1141 2182 1234 2208 eam
1264 2156 1583 2223 acquirendam.

220 2239 350 2282 Quod
392 2240 446 2280 ad
486 2240 753 2292 memoriam,
795 2241 1038 2296 aptitudine
1081 2243 1135 2283 ad
1176 2243 1518 2299 percipiendum,
1561 2253 1603 2287 et

216 2323 422 2370 percepta
442 2315 734 2355 retinendum.

219 2389 351 2432 Quod
372 2389 427 2430 ad
446 2389 731 2441 voluntatem,
754 2398 802 2430 ut
832 2390 1044 2432 universae
1066 2392 1238 2433 xirtutis
1261 2400 1303 2434 et
1324 2394 1600 2448 perfectionis

217 2463 451 2519 spiritualis
474 2464 656 2506 studiosi
679 2465 780 2516 sint,
803 2465 952 2520 quieti,
974 2474 1237 2519 constantes,
1261 2469 1425 2510 strenui
1456 2470 1500 2510 in
1532 2470 1598 2521 iis,

216 2552 314 2592 quae
345 2538 400 2579 ad
431 2538 626 2580 divinum
659 2538 882 2580 servitium
915 2541 1259 2595 aggrediuntur3
1303 2543 1463 2598 quique
1494 2545 1597 2585 Zelo

216 2612 385 2653 accensi
414 2612 501 2653 sint
536 2627 615 2668 pro
650 2613 890 2655 animarum
929 2615 1094 2664 salute;
1139 2624 1180 2656 et
1218 2631 1266 2657 ea
1299 2617 1351 2658 de
1383 2633 1512 2660 causa
1542 2621 1596 2661 ad

213 2693 413 2727 nostrum
454 2686 704 2728 institutum
745 2689 878 2742 (quod
919 2689 973 2729 ad
1005 2689 1097 2730 illas
1134 2689 1348 2744 juvandas
1377 2701 1419 2734 et
1451 2694 1596 2750 dispo-

215 2760 380 2801 nendas
413 2760 468 2801 ad
497 2760 640 2802 ultimi
672 2761 738 2803 sui
769 2763 868 2804 finis
901 2763 952 2805 de
975 2778 1107 2804 manu
1130 2764 1213 2805 Dei
1236 2767 1437 2808 creatoris
1459 2770 1595 2811 nostri

217 2848 265 2874 ac
286 2834 467 2876 Domini
488 2836 840 2878 consecutionem
861 2838 977 2879 recta
998 2838 1152 2891 tendit)
1179 2839 1265 2880 sint
1288 2841 1441 2883 affecti.
