1987 3374
680 331 800 357 PARS
836 330 1077 358 SECUNDA.
1557 323 1604 358 15

235 444 517 499 Coadjutores
548 443 734 494 formati,
765 443 810 483 in
842 457 998 497 corpus
1022 440 1249 482 Societatis
1281 437 1457 481 admissi
1479 449 1610 491 sunt3

232 527 282 560 ut
315 533 400 573 quo
434 517 584 573 majori
618 532 717 558 cum
758 517 853 558 luce
895 516 1166 572 procedetur,
1208 530 1256 556 eo
1294 515 1475 570 quisque
1509 531 1610 556 con-

234 593 416 634 stantior
436 592 482 633 in
505 606 581 632 sua
602 591 826 632 vocatione
848 598 1046 641 maneat3
1078 598 1120 631 et
1150 590 1245 644 ipsa
1267 589 1395 630 etiam
1419 588 1610 630 Societas

233 667 386 708 melius
415 667 644 717 discernat,
678 681 731 707 an
770 666 996 707 conveniat
1033 665 1087 706 ad
1118 664 1323 719 majorem
1354 664 1540 715 laudem,
1570 672 1611 705 et

233 742 413 797 gloriam
436 742 519 783 Dei
542 750 584 783 et
606 741 785 782 Domini
807 741 944 782 nostri
966 740 1088 781 illum
1111 740 1228 795 apud
1250 755 1293 781 se
1315 739 1511 781 retinere.

489 1115 962 1175 SECUNDA
1025 1114 1265 1174 PARS

146 1269 234 1308 quoe
255 1256 312 1296 ad
340 1267 408 1295 eos
433 1254 700 1295 dimittendos
722 1254 925 1305 pertinet,
948 1252 1019 1304 qui
1046 1251 1103 1290 ad
1122 1250 1418 1290 Probationem
1444 1249 1614 1289 admissi

271 1329 470 1382 fuerant,
493 1333 533 1368 et
556 1341 712 1381 parum
734 1327 825 1380 apti
847 1327 904 1366 ad
925 1326 1178 1366 Societatem
1200 1325 1479 1364 inveniuntur.

826 1449 941 1456 ———

417 1549 503 1578 QUI
529 1548 724 1575 DIMITTI
751 1546 980 1583 POSSUNT,
1005 1545 1064 1572 ET
1089 1545 1183 1571 PER
1208 1544 1346 1574 QUOS.

781 1615 912 1656 CAP.
946 1615 982 1655 I.

181 1705 199 1740 l
231 1698 399 1838 UT
421 1706 564 1739 autem
588 1698 642 1738 ad
663 1698 937 1753 propositum
964 1697 1066 1737 huic
1097 1696 1291 1737 societati
1321 1696 1453 1736 finem
1483 1697 1616 1738 divini

362 1773 558 1828 obsequii
579 1781 621 1814 et
643 1773 789 1814 auxilii
811 1772 1051 1813 animarum
1074 1771 1275 1812 convenit
1297 1772 1552 1823 conservari,
1575 1781 1617 1813 et

236 1865 417 1891 numero
448 1850 596 1906 augeri
627 1851 840 1903 operarios
873 1850 1039 1890 idoneos
1077 1862 1125 1889 ac
1162 1849 1284 1888 utiles
1316 1848 1370 1888 ad
1398 1848 1481 1889 Dei
1507 1863 1616 1903 opus

235 1925 608 1980 promovendum3
651 1924 712 1965 ita
745 1923 905 1964 dimitti
947 1938 1019 1964 eos
1061 1930 1244 1978 oportet,
1282 1923 1355 1977 qui
1389 1923 1495 1964 tales
1528 1938 1617 1964 non

235 1999 423 2051 fuerint3
470 2007 511 2040 et
541 2013 745 2040 successu
776 1998 984 2053 temporis
1012 1998 1375 2052 deprehendatur,
1408 1998 1475 2038 vel
1500 1999 1618 2052 quod

238 2088 326 2114 non
360 2073 415 2114 sit
452 2087 599 2114 eorum
636 2072 817 2122 vocatio,
851 2072 918 2112 vel
952 2071 1070 2126 quod
1103 2071 1157 2111 ad
1194 2085 1422 2111 commune
1453 2071 1617 2112 bonum

239 2149 465 2191 Societatis
488 2165 575 2190 non
598 2149 839 2199 conveniat,
861 2156 911 2189 ut
933 2148 977 2188 in
1000 2162 1049 2188 ea
1074 2156 1292 2188 maneant.
1356 2148 1442 2189 Sed
1473 2156 1617 2189 tamen

239 2232 287 2265 ut
309 2239 397 2265 non
425 2223 554 2264 nimis
585 2223 730 2264 faciles
760 2237 852 2263 esse
882 2222 936 2262 ad
962 2222 1297 2272 admittendum,
1318 2222 1379 2263 ita
1404 2237 1542 2277 neque
1565 2224 1618 2263 ad

238 2298 546 2339 dimittendum
568 2296 655 2338 imo
678 2297 821 2338 minus
854 2304 1048 2352 oportet:
1083 2297 1158 2337 sed
1189 2297 1356 2337 mature
1379 2297 1555 2338 omnino
1577 2306 1618 2337 et

240 2373 507 2414 considerate
540 2372 585 2413 in
617 2372 808 2413 Domino
845 2371 1168 2427 procedendum
1206 2380 1283 2413 est.
1346 2372 1405 2412 Et
1439 2373 1619 2427 quanvis

239 2462 389 2489 causas
411 2448 466 2488 ad
487 2447 783 2488 dimissionem
806 2446 958 2502 dignas
991 2461 1039 2487 eo
1068 2446 1283 2501 graviores
1315 2461 1406 2488 esse
1436 2454 1619 2502 oportet,

241 2537 326 2577 quo
369 2522 465 2577 quis
507 2522 666 2563 arctius
720 2521 947 2563 Societatis
1001 2520 1168 2576 corpori
1220 2520 1478 2575 conjunctus
1521 2528 1619 2571 est3

241 2596 560 2652 quantumlibet
585 2605 731 2637 tamen
766 2596 948 2651 quisque
978 2596 1033 2636 sit
1063 2594 1336 2650 conjunctus,
1369 2595 1414 2635 in
1441 2595 1619 2650 quibus-

240 2672 340 2712 dam
371 2670 541 2712 casibus
568 2670 754 2726 separari
788 2670 840 2711 ab
878 2685 927 2712 ea
956 2678 1118 2726 posset,
1153 2684 1200 2710 ac
1230 2669 1430 2711 deberet:
1474 2678 1523 2711 ut
1555 2684 1619 2711 se-

240 2745 391 2801 quenti
413 2745 553 2800 capite
574 2744 804 2787 videbitur.

184 2825 208 2860 2
240 2819 503 2862 Dimittendi
533 2819 714 2861 facultas
746 2820 791 2860 in
822 2819 972 2875 primis
1005 2819 1058 2860 ad
1090 2818 1334 2860 universam
1359 2818 1618 2860 Societatem
