2004 3294
294 1765 347 1801 10

790 303 1147 331 CONSTITUTION
1157 303 1222 329 HM

373 416 563 456 conferre
605 416 756 471 possit.
819 416 931 457 Sunt
974 424 1016 457 et
1058 416 1127 456 alii
1180 416 1233 456 ad
1285 415 1559 470 particularia
1607 414 1746 456 officia

373 490 615 531 necessarii.

375 564 509 605 Curet
538 566 709 615 Rector,
741 572 790 605 ut
818 564 862 604 in
893 579 970 605 suo
999 564 1138 604 officio
1171 563 1325 618 cuique
1357 563 1570 618 integram
1600 563 1746 604 obedi-

373 639 533 680 entiam
557 638 810 693 Collegiales
841 644 1077 693 praestent3
1120 646 1164 678 et
1193 638 1262 678 alii
1294 637 1494 678 officiales
1526 637 1746 688 Ministro,

374 721 416 754 et
448 713 529 754 sibi
564 712 693 753 etiam
729 711 826 767 ipsi,
859 719 990 767 prout
1020 711 1135 752 idem
1166 711 1491 766 praescripserit.
1553 711 1670 751 Iflud
1701 711 1747 752 in

372 786 621 827 universum
643 786 918 827 admonuisse
941 785 1142 826 convenit
1161 803 1170 836 3
1203 800 1290 836 eos,
1305 785 1380 840 qui
1403 799 1550 825 curam
1567 784 1747 826 aliorum

375 875 463 902 suae
495 860 751 902 obedientiae
784 860 1056 901 subditorum
1088 860 1266 910 habent,
1298 859 1450 914 praeire
1482 859 1645 900 eisdem
1676 873 1748 899 ex-

374 936 517 991 emplo
549 935 819 987 obedientiae,
852 950 981 990 quam
1014 935 1101 976 suis
1136 934 1439 990 Superioribus
1475 934 1633 975 Christi
1661 934 1747 974 loco

374 1010 547 1066 ipsimet
568 1018 792 1066 praestent,
815 1019 1025 1065 oportere.

374 1085 445 1126 Ad
466 1085 610 1125 omnia
632 1085 822 1126 conferet
844 1085 1049 1140 temporis
1073 1084 1177 1125 ordo
1199 1084 1244 1124 in
1275 1083 1445 1135 studiis,
1467 1083 1748 1135 orationibus,

374 1159 532 1210 missis,
553 1159 826 1211 lectionibus,
849 1159 959 1210 cibo,
982 1173 1148 1209 somno,
1171 1166 1213 1199 et
1241 1158 1284 1198 in
1316 1157 1492 1212 reliquis
1525 1165 1719 1198 servatus
1736 1175 1748 1208 ;

376 1242 418 1275 et
452 1234 625 1289 signum
659 1234 906 1275 constitutis
944 1233 1060 1275 horis
1095 1233 1245 1284 detur3
1290 1247 1376 1287 quo
1418 1232 1564 1273 audito
1599 1247 1748 1273 omnes

377 1309 522 1350 statim
549 1309 617 1349 vel
643 1309 891 1362 impevfecta
925 1310 1069 1349 littera
1100 1309 1248 1348 relicta
1280 1308 1334 1347 ad
1364 1307 1423 1358 id,
1445 1307 1500 1347 ad
1530 1307 1648 1361 quod
1675 1322 1749 1348 vo-

377 1392 543 1435 cantur,
577 1399 621 1425 se
653 1384 890 1425 conferant.
952 1382 1048 1423 Erit
1080 1387 1224 1423 autem
1255 1396 1390 1437 penes
1412 1382 1656 1434 Rectorem,
1683 1382 1751 1423 vel

377 1473 490 1510 eum,
527 1458 601 1513 qui
636 1458 797 1513 primas
831 1457 1010 1509 tenebit,
1044 1457 1088 1497 id
1114 1472 1256 1508 curae,
1300 1464 1349 1497 ut
1384 1456 1542 1508 videat,
1576 1457 1750 1511 quando

377 1534 444 1574 hae
472 1533 589 1574 horae
625 1548 704 1588 pro
738 1541 998 1588 temporum,
1035 1532 1103 1573 vel
1139 1531 1318 1572 aliarum
1347 1546 1574 1572 causarum
1601 1546 1752 1572 occur-

376 1611 565 1653 rentium
596 1611 760 1652 ratione
792 1611 1013 1651 mutandae
1045 1610 1160 1660 sint3
1198 1617 1240 1650 et
1266 1610 1382 1664 quod
1413 1609 1505 1664 ipse
1538 1609 1750 1660 statuerit,

378 1685 640 1726 observetur.

379 1761 537 1800 Rector
567 1759 658 1814 ipse
694 1758 849 1814 legere,
887 1766 961 1799 aut
998 1758 1148 1799 docere
1185 1757 1477 1798 Christianam
1510 1755 1749 1797 doctrinam

379 1834 663 1890 quadraginta
694 1833 784 1874 dies
817 1833 957 1874 debet.
1019 1833 1174 1874 Videat
1207 1832 1350 1883 etiam,
1382 1831 1456 1887 qui
1487 1846 1540 1872 ex
1563 1830 1751 1886 Collegi-

379 1910 531 1961 alibus,
554 1917 596 1950 et
618 1909 671 1950 ad
694 1923 822 1963 quem
843 1923 980 1962 usque
1002 1908 1184 1949 limitem
1206 1907 1323 1948 domi
1355 1914 1397 1949 et
1428 1906 1531 1948 foris
1552 1906 1598 1947 in
1620 1905 1751 1947 collo-

380 1984 507 2040 quiis,
542 1983 836 2039 spiritualibus
879 1982 1090 2023 exercitiis
1133 1981 1368 2033 tradendis,
1410 1980 1751 2022 confessionibus

380 2058 619 2109 audiendis,
642 2066 736 2098 tum
758 2057 887 2098 etiam
909 2057 954 2097 in
977 2055 1272 2107 concionibus,
1294 2055 1362 2097 vel
1391 2054 1665 2105 lectionibus,
1685 2053 1753 2095 vel

381 2133 577 2174 doctrina
614 2132 861 2174 Christiana
896 2131 1105 2172 tradenda
1136 2130 1295 2186 partim
1321 2130 1375 2171 ad
1405 2130 1599 2186 ipsorum
1635 2143 1753 2170 exer-

381 2207 628 2248 citationem
662 2205 892 2260 (praecipue
928 2205 1008 2245 sub
1045 2205 1178 2246 finem
1216 2204 1473 2258 studiorum)
1508 2203 1666 2259 partim
1697 2202 1752 2244 ob

382 2281 562 2322 aliorum
585 2280 933 2331 domesticorum,
954 2279 1022 2320 vel
1053 2287 1330 2321 externorum
1361 2279 1552 2320 fructum
1583 2277 1676 2318 aliis
1708 2292 1752 2318 se

382 2355 700 2397 communicare
742 2354 954 2395 debeant:
1007 2361 1050 2394 et
1089 2353 1134 2394 in
1177 2353 1378 2394 omnibus
1421 2353 1538 2409 quod
1574 2351 1754 2394 senserit

383 2431 539 2472 divinae
568 2445 616 2472 ac
651 2445 831 2471 summae
863 2428 1047 2471 bonitati
1083 2428 1262 2485 gratius,
1299 2437 1341 2470 et
1378 2429 1432 2470 ad
1462 2428 1598 2484 ipsius
1631 2427 1753 2469 obse-

382 2505 532 2559 quium
567 2520 614 2546 ac
657 2505 835 2561 gloriam
877 2503 1096 2559 majorem,
1138 2503 1340 2545 omnibus
1382 2502 1622 2559 perpensis,
1654 2516 1752 2558 pro-

383 2580 538 2621 videat.
