2004 3294
382 283 435 319 20

404 2028 428 2061 6

407 2540 429 2585 x]

882 291 1310 319 CONSTITUTIONUM

466 414 560 454 quae
589 400 638 440 iis
675 409 723 440 ut
756 400 979 441 Societatis
1011 401 1212 441 membris
1245 415 1456 441 concessa?
1487 402 1670 452 fuerant,
1702 402 1829 443 simul

465 482 591 528 atque
613 474 804 515 membra
825 489 915 514 esse
938 474 1154 524 desierint,
1176 483 1343 515 constat
1366 489 1542 516 cessare.

466 548 717 588 Declaretur
747 548 813 599 iis,
844 548 916 602 qui
945 548 1237 598 dimittuntur,
1268 549 1385 602 quod
1415 549 1591 589 absoluti
1626 558 1827 590 maneant

464 623 487 662 ῑι
507 621 617 662 votis
640 621 920 675 simplicibus,
944 621 978 661 si
1009 635 1058 661 ea
1080 621 1207 674 juxta
1236 621 1462 661 formulam
1495 621 1697 663 Societati
1727 637 1828 664 con-

465 703 629 734 suetam
656 695 765 747 (quae
787 694 830 733 in
853 693 1003 747 quinta
1022 700 1143 747 parte
1163 693 1392 746 videbitur)
1418 694 1636 735 emiserint
1649 711 1662 745 3
1693 696 1829 749 quod-

464 783 545 822 que
568 770 680 808 nnlla
702 769 786 808 alia
809 769 1111 821 dispensatione
1132 769 1358 821 indigeant.

462 843 532 883 Ad
554 857 625 883 eos
647 842 929 893 reducendos,
951 841 1024 896 qui
1047 842 1137 882 sine
1168 842 1341 883 licentia
1371 842 1631 893 recederent,
1654 842 1689 883 si
1709 843 1828 898 prius

463 931 615 971 parum
637 916 779 957 idonei
802 916 855 956 ad
878 915 1134 956 Societatem
1156 915 1439 966 habebantur,
1461 915 1579 956 nulla
1609 915 1829 971 diligentia

462 1005 571 1045 opus
593 990 696 1041 erit3
729 990 803 1030 sed
824 989 968 1044 potius
991 989 1230 1044 dirigantur
1251 990 1305 1030 ad
1327 989 1442 1030 aliud
1466 990 1730 1041 institutum,
1751 990 1827 1032 ubi

462 1066 556 1106 Deo
585 1064 738 1105 serw're
770 1064 952 1119 possint,
988 1065 1191 1104 relaoeatis
1226 1066 1345 1114 votis,
1378 1063 1413 1104 si
1441 1078 1489 1104 ea
1517 1064 1748 1116 emiserint,
1778 1073 1827 1105 ut

462 1152 610 1179 omnes
633 1137 822 1192 scrupuli
844 1137 903 1178 eis
925 1137 1179 1178 eximantur.

463 1213 509 1254 Si
533 1213 781 1267 hujusmodi
812 1220 969 1262 essent,
990 1219 1039 1252 ut
1062 1212 1156 1252 Deo
1188 1218 1359 1266 gratum
1390 1211 1478 1252 fore
1509 1211 1725 1252 videretur
1754 1226 1826 1252 eos

461 1302 548 1328 non
590 1287 649 1328 sic
690 1286 942 1340 relinquere,
982 1286 1213 1340 praecipue,
1255 1285 1290 1325 si
1323 1300 1374 1325 ex
1410 1285 1551 1339 aliqua
1584 1285 1828 1326 vehementi

461 1360 710 1410 tentatione,
745 1367 817 1399 aut
851 1359 903 1399 ab
940 1358 1031 1398 aliis
1069 1358 1236 1412 decepti
1273 1357 1432 1412 egressi
1462 1357 1704 1408 videantur,
1734 1357 1827 1398 dili-

460 1434 605 1488 gentia
626 1432 817 1473 adhiberi
839 1432 893 1472 ad
914 1446 985 1472 eos
1007 1431 1273 1471 reducendos
1303 1430 1490 1485 poterit3
1523 1439 1565 1471 et
1595 1430 1827 1485 privilegiis

460 1507 514 1547 ad
549 1506 770 1561 negotium
812 1504 1060 1559 hujusmodi
1107 1503 1321 1545 concessis
1362 1504 1385 1544 a
1425 1504 1524 1544 sede
1564 1504 1828 1559 Apostolica,

460 1588 671 1635 quantum
695 1579 912 1634 Superiori
933 1579 976 1618 in
1000 1578 1189 1619 Domino
1210 1577 1438 1628 videbitur,
1458 1577 1523 1618 uti
1543 1577 1701 1618 licebit.
1768 1578 1828 1618 Et

460 1655 559 1695 cum
581 1653 731 1707 aliquis
753 1654 905 1693 horum
930 1652 989 1692 sic
1018 1652 1221 1692 reductus
1253 1659 1379 1702 esset,
1411 1650 1706 1692 committetur
1724 1666 1828 1706 pru-

463 1727 618 1768 dentiae
640 1726 831 1781 ejusdem
855 1725 1120 1780 Superioris3
1151 1732 1200 1765 ut
1221 1724 1377 1775 videat,
1399 1739 1506 1764 num
1538 1724 1826 1765 satisfactione

460 1802 600 1856 aliqua
633 1816 740 1856 opus
778 1801 846 1851 sit,
883 1815 937 1841 an
969 1799 1123 1840 melius
1152 1798 1327 1840 omnino
1369 1807 1554 1850 censeat,
1595 1799 1639 1839 in
1673 1799 1828 1854 spiritu

460 1875 804 1916 mansuetudinis
825 1874 1053 1929 procedere
1062 1890 1073 1924 3
1106 1887 1189 1927 qua
1209 1873 1254 1912 in
1276 1887 1319 1913 re
1342 1880 1384 1913 et
1406 1872 1512 1927 ejus,
1529 1873 1602 1926 qui
1624 1873 1826 1914 reductus

460 1956 538 1999 est,
559 1949 737 1998 bonum,
759 1956 801 1988 et
823 1946 1046 1987 {edificatio
1069 1945 1400 1986 domesticorum
1424 1945 1657 2000 spectanda
1679 1953 1757 1986 est.

462 2022 507 2063 Si
543 2022 638 2076 quis
675 2028 827 2075 sponte
870 2034 947 2060 sua
988 2019 1042 2059 ad
1076 2018 1331 2073 Collegium,
1371 2018 1439 2059 vel
1480 2019 1672 2069 domum,
1711 2018 1827 2060 unde

461 2095 550 2136 sine
579 2094 779 2134 facultate
815 2100 1060 2142 recesserat,
1096 2091 1266 2141 rediret,
1295 2099 1337 2131 et
1370 2091 1526 2145 alioqui
1563 2091 1743 2133 idoneus
1774 2092 1829 2132 ad

461 2169 555 2208 Dco
573 2166 842 2207 serviendum
859 2166 902 2205 in
918 2180 967 2205 ea
980 2164 1266 2218 judicaretur3
1289 2163 1648 2204 considerandum
1662 2165 1755 2215 erit,
1773 2179 1826 2205 an

459 2255 602 2282 veram
633 2239 931 2295 perseverandi
961 2238 1226 2279 voluntatem
1255 2237 1416 2288 afferat,
1437 2244 1480 2278 et
1500 2251 1555 2278 an
1577 2237 1632 2278 sit
1652 2246 1827 2292 paratus

462 2316 515 2356 ad
537 2315 730 2369 quamvis
753 2313 1085 2355 satisfactionem
1102 2318 1144 2352 et
1164 2310 1486 2366 probationem:
1510 2311 1626 2365 quod
1648 2311 1683 2352 si
1705 2325 1826 2353 secus

461 2397 587 2440 esset,
601 2397 650 2430 ut
671 2388 744 2443 qui
765 2402 874 2429 verae
896 2385 1159 2442 poenitentiae
1182 2385 1304 2440 signa
1325 2400 1411 2426 non
1434 2385 1637 2436 ostendit,
1659 2385 1827 2426 admitti

462 2477 549 2504 non
571 2461 818 2503 merebitur.

464 2537 523 2587 Si,
552 2536 624 2590 qui
655 2536 737 2576 fuit
767 2534 918 2575 merito
950 2532 1166 2583 dimissus,
1198 2532 1252 2572 ad
1280 2532 1459 2573 eandem
1493 2532 1684 2584 domum,
1711 2532 1826 2573 unde

463 2610 665 2651 dimissus
687 2617 765 2660 est,
786 2609 956 2658 rediret,
978 2608 1031 2648 ad
1053 2607 1246 2661 quamvis
1269 2606 1602 2648 satisfactionem
1623 2614 1797 2661 paratus
1815 2622 1826 2656 ;

467 2684 511 2724 Si
549 2683 689 2723 adhuc
723 2683 883 2724 eaedem
916 2681 1116 2731 rationes,
1152 2688 1327 2735 propter
1358 2694 1462 2734 quas
1495 2679 1577 2721 fuit
1610 2678 1826 2726 dimissus,

463 2765 712 2806 mancrent;
745 2757 1020 2812 pcrspicuum
1052 2763 1130 2804 cst,
1163 2770 1248 2795 non
1281 2770 1370 2795 csse
1402 2753 1741 2795 admittendum:
1780 2752 1826 2794 Si
