2004 3294
319 301 372 334 44
831 306 1263 334 coxsm'rr'moxtm

406 434 490 473 quo
512 418 664 459 melius
687 426 727 458 et
750 418 941 458 exactius
963 433 1025 468 ea,
1048 432 1143 471 quze
1168 423 1347 457 tractata
1381 424 1497 467 sunt,
1519 415 1774 470 intelligant.

323 498 370 533 15
408 493 471 534 Ut
492 493 663 548 reprimi
686 500 855 548 oportet
877 492 1147 547 quorundam
1181 506 1355 531 cursum
1388 490 1485 545 plus
1517 504 1640 544 {equo
1673 504 1775 530 con-

406 567 583 608 citatum
616 567 658 606 in
692 567 871 616 studiis3
914 567 973 606 ita
997 565 1211 614 movendi,
1244 564 1464 614 incitandi,
1487 572 1528 604 et
1557 563 1772 603 animandi

405 642 459 682 ad
481 641 623 681 studia
645 648 746 679 sunt
768 639 851 689 alii,
874 639 1030 692 quibus
1053 638 1097 678 id
1128 637 1416 678 necessarium
1448 646 1511 677 est
1530 654 1541 687 3
1583 638 1699 691 quod
1727 645 1774 677 ut

406 715 557 755 melius
579 721 782 768 praestare
805 712 942 767 possit
966 713 1138 763 Rector,
1170 711 1381 765 intelligat
1412 718 1582 765 oportet
1612 726 1689 765 per
1716 726 1774 762 se,

406 797 447 829 et
469 803 545 843 per
574 788 774 842 aliquem,
797 787 927 827 alium
958 786 1027 827 cui
1060 785 1253 840 Syndici,
1275 785 1342 826 vel
1363 785 1608 826 Visitatoris
1640 785 1775 826 studi-

405 878 527 904 orum
565 877 711 903 curam
753 862 843 917 ipse
887 861 1065 911 dederit,
1099 860 1315 915 quomodo
1359 859 1614 901 Scholastici
1647 875 1774 900 suum

405 937 592 978 officium
629 936 801 977 faciant.
865 935 997 978 Qubd
1039 935 1073 975 si
1115 934 1471 975 animadverteret
1509 933 1694 988 aliquem
1730 934 1774 974 in

406 1012 559 1053 studiis
599 1020 771 1066 tempus
808 1010 1017 1051 inutiliter
1050 1017 1199 1060 terere,
1236 1009 1354 1063 qued
1396 1009 1517 1060 nolit,
1554 1016 1628 1050 aut
1661 1010 1776 1050 certe

406 1101 492 1127 non
514 1085 652 1141 possit
681 1099 958 1140 progressum
986 1084 1031 1124 in
1062 1082 1214 1124 litteris
1245 1083 1411 1134 facer03
1454 1082 1627 1138 expedit
1653 1082 1774 1123 illum

405 1160 457 1201 ab
494 1160 554 1200 eis
587 1174 817 1209 removere,
852 1166 894 1199 et
931 1158 1022 1213 ejus
1064 1158 1157 1198 loco
1200 1156 1345 1208 alium,
1388 1157 1462 1211 qui
1503 1156 1558 1197 ad
1594 1171 1774 1212 scopum

404 1234 538 1275 divini
561 1234 719 1275 servitii
741 1233 785 1274 in
809 1231 1012 1287 Collegiis
1034 1231 1260 1287 praefixum
1283 1231 1419 1286 magis
1440 1231 1651 1286 proficiat,
1673 1246 1775 1273 con-

404 1309 593 1350 stituere.

320 1388 371 1423 16
403 1383 616 1424 Absoluto
660 1382 802 1423 studio
845 1382 1026 1436 alicujus
1067 1381 1298 1432 facultatis,
1352 1380 1533 1421 eandem
1573 1380 1775 1436 privatim

402 1464 592 1512 repetere
615 1456 854 1507 cenveniet,
876 1456 1101 1496 authorem
1123 1470 1260 1496 unum
1282 1454 1484 1510 aliquem,
1514 1454 1582 1496 vel
1612 1454 1774 1510 plures,

404 1532 531 1586 quam
563 1531 698 1587 prius,
722 1530 851 1586 juxta
872 1530 1068 1571 Rectoris
1100 1530 1323 1570 arbitrium
1354 1529 1552 1584 legendo.
1614 1529 1777 1570 Poterit

402 1615 545 1648 autem
568 1622 619 1647 ex
641 1606 716 1657 eis,
739 1621 835 1659 quae
858 1606 911 1645 ad
933 1620 1027 1646 eam
1048 1605 1297 1645 facultatem
1318 1604 1552 1659 pertinent,
1576 1603 1611 1644 si
1633 1603 1771 1644 eidem

406 1681 577 1722 Rectori
606 1681 745 1721 visum
777 1679 919 1730 fuerit,
951 1679 995 1719 in
1034 1679 1193 1733 scripta
1222 1678 1408 1729 brevius,
1440 1678 1701 1729 distinctius,
1733 1684 1775 1719 et

403 1754 657 1805 accuratius,
679 1753 869 1808 redigere
892 1767 954 1804 ea,
977 1767 1073 1807 quae
1094 1752 1215 1807 prius
1247 1752 1291 1792 in
1322 1751 1557 1792 lectionum
1589 1752 1773 1792 decursu

403 1829 644 1884 scripserat,
681 1842 781 1868 cum
822 1826 977 1867 minori
1019 1826 1213 1867 doctrina
1254 1825 1462 1880 praeditus
1504 1833 1607 1876 erat,
1644 1840 1771 1880 quam

400 1911 574 1958 peracto
597 1902 838 1943 studiorum
861 1901 1086 1942 curriculo.

318 1980 369 2027 17
404 1978 503 2018 Suis
540 1977 787 2018 constitutis
822 1975 1088 2031 temporibus
1124 1990 1167 2015 se
1211 1975 1264 2015 ad
1306 1974 1503 2029 publicos
1542 1979 1664 2015 actus
1701 1989 1773 2015 ex-

401 2051 711 2093 aminationum
742 2065 789 2091 ac
821 2050 1150 2105 responsionum
1173 2057 1417 2104 praeparent
1432 2066 1443 2100 ;
1475 2056 1517 2089 et
1539 2049 1592 2089 ad
1613 2049 1772 2104 gradus

401 2134 644 2175 consuetos,
673 2125 746 2179 qui
774 2139 850 2179 per
883 2124 1133 2179 diligentem
1166 2123 1524 2176 examinationem
1556 2123 1676 2178 digni
1707 2123 1772 2164 in-

401 2199 641 2249 venientur,
674 2198 914 2253 promoveri
948 2206 1166 2252 poterunt.
1229 2197 1345 2238 Loca
1378 2205 1522 2238 tamen
1559 2205 1688 2248 certa,
1724 2206 1772 2238 ut

403 2275 453 2314 ab
504 2274 612 2315 omni
664 2273 900 2312 ambitionis
949 2273 1082 2324 speeie
1133 2276 1256 2323 alque
1307 2273 1357 2312 ab
1409 2273 1505 2312 aliis
1555 2272 1772 2324 affectibus

398 2348 549 2401 parum
576 2349 817 2400 temperatis
848 2348 1058 2396 recedant,
1092 2346 1274 2400 quanvis
1306 2361 1354 2387 ca
1387 2346 1430 2386 in
1465 2346 1771 2398 Universitate,

400 2422 475 2462 ubi
496 2422 677 2476 gradum
709 2421 941 2476 accipiunt,
973 2420 1063 2460 dari
1096 2420 1274 2470 soleant,
1307 2435 1393 2460 non
1426 2420 1665 2475 accipiant3
1697 2420 1772 2461 sed

403 2496 530 2536 simul
552 2510 700 2536 onmes
723 2502 842 2536 extra
864 2510 1091 2535 numerum
1116 2510 1158 2534 se
1182 2494 1448 2535 constituant
1466 2512 1477 2545 3
1515 2510 1593 2535 nec
1625 2509 1773 2550 sump-

401 2576 486 2620 tus,
513 2570 587 2624 qui
619 2584 830 2625 pauperes
865 2584 951 2609 non
988 2568 1181 2619 deceant,
1214 2569 1255 2608 in
1289 2568 1492 2623 gradibus
1524 2568 1773 2623 hujusmodi

400 2643 585 2693 faciant3
630 2644 684 2683 ad
720 2658 827 2698 quos
864 2643 955 2684 sine
992 2643 1246 2683 humilitatis
1289 2642 1559 2692 detrimento,
1596 2656 1682 2682 non
1716 2641 1771 2682 ob

400 2718 529 2769 aliud,
555 2719 683 2772 quam
721 2727 768 2759 ut
805 2718 973 2773 possint
1010 2717 1215 2772 proximis
1253 2718 1307 2758 ad
1346 2717 1427 2758 Dei
1463 2716 1639 2771 gloriam
1679 2731 1770 2757 esse

401 2791 606 2841 utiliores,
631 2792 870 2845 promoveri
893 2792 1064 2832 debent.
