1987 3374
743 361 861 387 PARS
896 360 1091 387 TERTIA.
1571 347 1622 395 27

249 475 375 515 ctiam
424 474 594 525 scriptis
647 472 766 512 libris
789 490 801 518 ,·
853 473 923 524 qm‘
976 472 1137 524 quidem
1188 471 1276 511 sine
1328 471 1626 523 approbalz'one

249 553 374 602 atque
400 561 597 589 consensu
626 547 850 600 P7·oepositi
890 547 1106 586 Generalis
1146 546 1235 598 (qui
1268 558 1449 590 censurae
1484 545 1624 594 trium,

248 628 296 664 ut
331 623 557 674 minimam,
594 623 785 664 doctrina
820 636 869 662 ac
906 623 1018 662 claro
1054 621 1219 674 judicio
1251 621 1295 661 z'n
1331 634 1380 661 ea
1409 620 1627 673 facultate

241 698 520 750 praedz‘torum
552 711 620 737 eos
651 696 866 749 subjiciat)
898 697 941 736 in
979 697 1108 736 lucem
1136 695 1271 735 emitti
1304 708 1385 734 non
1409 697 1626 746 poterunt.

251 771 348 812 Imo
386 776 429 812 et
464 770 728 826 judiciorum
771 770 823 811 de
864 769 994 811 rebus
1036 769 1213 824 agendis
1256 767 1494 818 diversitas,
1531 781 1627 821 quae

251 851 389 887 mater
405 861 498 887 esse
521 845 629 887 solet
651 844 876 886 discordiae
898 852 940 884 et
962 843 1136 884 inimica
1152 842 1325 884 unionis
1338 842 1628 892 voluntatum,

250 927 463 975 quantum
492 920 583 960 fieri
619 924 778 974 potest,
814 918 963 959 evitari
996 917 1151 958 debet:
1196 925 1238 958 et
1272 917 1421 958 contra
1452 916 1555 956 unio
1585 924 1627 956 et

249 992 529 1035 conformitas
551 1000 704 1033 mutua
734 991 1062 1047 diligentissime
1094 991 1299 1041 curanda,
1331 1005 1425 1041 nec,
1457 1004 1553 1043 quae
1586 989 1624 1029 ei

249 1068 546 1119 adversantur,
587 1066 880 1122 permittenda
931 1073 1066 1107 sunt:
1120 1066 1206 1120 quo
1252 1064 1396 1120 juncti
1442 1063 1626 1104 invicem

166 1296 218 1333 19

166 1967 222 2004 20

248 1143 448 1185 fraternae
470 1142 690 1184 charitatis
710 1141 883 1183 vinculo
905 1141 1058 1182 melius
1081 1149 1123 1182 et
1145 1140 1359 1181 efficacius
1390 1139 1560 1194 possint
1583 1154 1627 1179 se

249 1217 395 1260 divino
417 1217 640 1273 obsequio,
662 1225 705 1258 et
726 1216 884 1258 auxilio
905 1215 1201 1272 proximorum
1222 1215 1486 1270 impendere.

251 1291 366 1334 Quia
398 1292 453 1333 ad
487 1306 765 1347 progressum
807 1290 852 1331 in
887 1289 1121 1331 virtutibus
1156 1289 1403 1330 faciendum
1439 1287 1627 1328 multum

251 1366 418 1407 confert
459 1365 736 1420 antiquorum
778 1364 1040 1420 exemplum,
1082 1379 1167 1418 quo
1199 1363 1353 1417 reliqui
1389 1362 1443 1402 ad
1479 1376 1627 1402 eorum

250 1440 536 1481 imitationem
558 1440 828 1490 animentur3
861 1438 935 1493 qui
955 1443 1113 1494 praeest
1134 1437 1226 1478 aliis
1262 1437 1313 1490 (si
1344 1436 1466 1477 aliter
1495 1450 1629 1490 pecu-

252 1514 377 1555 liares
399 1514 454 1555 ob
477 1528 627 1555 causas
648 1528 737 1555 non
762 1513 1030 1568 judicaretur
1051 1511 1295 1565 convenire)
1321 1516 1364 1551 et
1385 1524 1534 1551 omnes
1557 1508 1627 1549 alii

252 1589 511 1640 sacerdotes,
540 1589 614 1644 qui
647 1588 686 1630 ei
718 1588 995 1639 videbuntur,
1027 1587 1257 1642 aliquando
1289 1585 1470 1641 singulis
1501 1583 1626 1625 annis

251 1663 454 1714 officium,
495 1663 563 1704 vel
604 1662 743 1703 officia
783 1677 946 1713 eorum,
992 1661 1067 1716 qui
1108 1660 1349 1701 inserviunt
1399 1658 1530 1710 domi,
1572 1658 1628 1698 ad

250 1746 424 1794 tempus
466 1737 641 1793 aliquod
690 1736 888 1788 obibunt,
934 1737 1020 1791 quo
1073 1735 1164 1777 aliis
1215 1735 1380 1790 gratius
1421 1733 1626 1774 reddatur

250 1812 502 1868 hujusmodi
531 1811 833 1863 ministerium,
863 1811 908 1852 in
940 1826 1025 1866 quo
1057 1811 1112 1852 ad
1140 1809 1279 1866 majus
1301 1809 1385 1850 Dei
1407 1807 1628 1850 servitium

253 1895 296 1929 et
316 1887 497 1943 gloriam
519 1896 622 1928 sunt
644 1886 883 1928 constituti.

253 1961 509 2017 Explicetur
550 1960 714 2016 aliquot
764 1960 916 2002 diebus
967 1960 1010 2000 in
1064 1960 1244 2015 singulis
1285 1956 1628 1999 hebdomadibus

253 2035 466 2077 Doctrina
487 2034 749 2085 Christiana,
771 2049 819 2074 ac
841 2034 996 2075 modus
1024 2033 1133 2074 bene
1165 2041 1208 2074 et
1239 2048 1339 2073 cum
1360 2032 1505 2072 fructu
1526 2045 1629 2071 con-

253 2109 420 2160 fitendi,
460 2108 822 2159 communicandi,
857 2107 1034 2148 missam
1073 2106 1290 2157 audiendi,
1318 2114 1361 2147 et
1395 2105 1442 2146 in
1478 2105 1628 2146 eadem

254 2182 543 2234 ministrandi,
580 2181 730 2223 orandi
765 2181 930 2232 itidem,
971 2181 1223 2231 meditandi,
1265 2188 1307 2220 et
1347 2178 1519 2234 legendi
1552 2193 1630 2233 pro

254 2262 386 2314 captu
416 2255 757 2311 uniuscujusque
800 2255 1028 2306 tradatur3
1065 2259 1322 2308 cureturque
1365 2267 1453 2293 non
1491 2252 1629 2293 solum

254 2340 305 2373 ut
345 2331 570 2372 addiscant
605 2344 701 2385 quae
738 2328 1017 2379 conveniunt,
1061 2328 1136 2368 sed
1172 2327 1301 2368 etiam
1342 2334 1391 2367 ut
1427 2326 1631 2367 memoria

253 2412 445 2457 teneant,
481 2413 524 2447 et
548 2411 773 2446 exerceant
810 2418 906 2458 quae
943 2402 1199 2443 didicerint:
1238 2415 1473 2455 omnesque
1502 2415 1629 2441 suum

254 2487 428 2537 tempus
449 2479 578 2521 rebus
600 2478 897 2535 spiritualibus
918 2477 1187 2532 impendant,
1209 2484 1252 2517 et
1274 2475 1492 2516 devotioni
1513 2489 1632 2528 quae-

254 2555 400 2597 rendae
430 2559 510 2610 pro
541 2567 745 2594 mensura
775 2551 923 2608 gratiae
961 2550 1045 2592 Dei
1075 2549 1180 2606 ipsis
1210 2548 1538 2590 communicatae
1567 2547 1632 2588 in-

257 2629 438 2679 sistant3
470 2628 526 2668 ad
546 2627 664 2682 quod
685 2626 876 2668 conferet
898 2625 1041 2680 aliqua
1054 2623 1254 2666 exercitia
1276 2621 1514 2677 spiritualia
1533 2621 1632 2673 illis,

254 2705 330 2761 qui
359 2703 555 2745 nondum
585 2717 628 2743 se
663 2687 945 2743 exercuerunt
981 2701 1027 2741 in
1064 2700 1138 2751 eis,
1166 2698 1234 2739 vel
1261 2697 1405 2739 omnia
1435 2697 1631 2747 tradere3

254 2786 385 2835 prout
405 2776 638 2831 unicuique
660 2775 886 2817 convenire
908 2775 953 2816 in
976 2773 1166 2815 Domino
1191 2770 1472 2828 judicabitur.
