2004 3294
764 725 1039 784 NONA
1101 725 1397 797 PARS3

438 877 487 916 de
507 877 576 927 iis,
598 889 685 928 quae
706 876 763 916 ad
782 879 907 928 eaput
930 875 1168 924 Societatis,
1191 879 1231 915 et
1247 875 1587 928 yubernationem
1609 875 1660 916 ab
1681 887 1725 916 eo

800 950 1106 989 descendentem
1127 950 1356 1002 pertinent.

990 1096 1163 1103 ——

429 1210 561 1240 QUOD
587 1210 909 1236 PRAEPOSITUM
935 1208 1259 1245 GENERALEM,
1283 1209 1342 1235 ET
1367 1209 1560 1238 QUIDEM
1586 1209 1702 1236 PER-

568 1284 788 1320 PETUUM,
812 1283 918 1310 DUM
943 1282 1163 1320 VIXERIT,
1187 1283 1298 1310 ESSE
1324 1282 1594 1310 OPORTEAT.

985 1358 1114 1399 CAP.
1148 1356 1184 1399 Ῑ.

376 1454 395 1491 1
425 1448 593 1587 UT
634 1449 678 1490 in
720 1449 920 1490 omnibus
971 1448 1224 1504 Rebuspub.
1275 1449 1342 1488 vel
1385 1448 1803 1503 Congregationibus

557 1524 666 1565 bene
695 1523 957 1574 constitutis,
984 1531 1142 1578 praeter
1172 1538 1258 1574 eOS,
1287 1523 1361 1577 qui
1392 1523 1446 1563 ad
1470 1523 1579 1564 fines
1614 1523 1803 1578 particu-

429 1599 539 1639 lares
560 1598 605 1638 in
628 1598 687 1639 eis
709 1598 911 1648 tendunt,
933 1612 1107 1638 necesse
1139 1605 1218 1648 est,
1241 1611 1332 1638 esse
1364 1596 1564 1651 aliquem,
1584 1597 1652 1638 vel
1673 1598 1801 1639 etiam

427 1672 588 1727 plures,
621 1671 695 1725 qui
727 1671 830 1711 boni
863 1670 1113 1711 universalis
1147 1685 1293 1710 curam
1328 1670 1530 1721 habeant,
1567 1678 1624 1721 et,
1659 1678 1709 1711 ut
1746 1671 1800 1711 ad

429 1744 653 1800 proprium
676 1745 822 1794 finem,
845 1744 899 1784 ad
919 1743 964 1783 id
985 1744 1190 1783 tendant:
1235 1743 1294 1784 sic
1326 1743 1453 1783 etiam
1485 1743 1529 1783 in
1551 1743 1632 1783 hac
1655 1743 1799 1785 Socie-

380 1827 387 1829 “
429 1824 532 1870 tate,
559 1827 715 1874 praeter
751 1833 837 1870 eos,
872 1818 945 1872 qui
975 1817 1304 1873 particularibus
1331 1817 1544 1868 domibus,
1581 1816 1799 1873 Collegiis,

428 1901 471 1934 et
498 1892 733 1933 Provinciis
768 1892 910 1941 etiam,
947 1891 992 1931 in
1027 1891 1184 1945 quibus
1218 1890 1468 1945 hujusmodi
1497 1896 1599 1932 sunt
1628 1891 1798 1943 domus,

429 1967 497 2008 vel
535 1966 741 2021 Col-legia,
781 1970 990 2021 praesunt,
1032 1980 1205 2006 necesse
1247 1972 1312 2005 est
1353 1979 1444 2005 esse
1486 1964 1684 2019 aliquem,
1725 1966 1799 2020 qui

430 2041 640 2081 universae
664 2039 889 2081 Societatis
912 2054 1057 2080 curam
1078 2039 1262 2088 habeat;
1305 2038 1379 2093 qui
1408 2039 1525 2079 hunc
1557 2038 1637 2080 sibi
1667 2039 1799 2081 finem

431 2115 680 2165 constituat,
701 2123 751 2154 ut
771 2114 881 2154 bene
909 2113 1187 2168 gubernetur,
1210 2118 1498 2164 conservetur,
1519 2120 1562 2153 et
1593 2122 1800 2168 augeatur

433 2196 573 2230 totum
607 2187 832 2229 Societatis
864 2202 1045 2241 corpus3
1090 2194 1131 2227 et
1163 2186 1233 2226 hic
1267 2194 1332 2227 est
1359 2186 1622 2242 Praep0situs
1656 2186 1799 2228 Gene-

431 2262 529 2303 ralis
548 2279 558 2313 ;
590 2261 663 2316 qui
686 2276 784 2301 cum
807 2260 975 2301 duobus
997 2259 1135 2300 modis
1158 2259 1256 2314 eligi
1287 2267 1448 2315 posset,
1470 2260 1644 2311 scilicet,
1673 2268 1721 2301 ut
1744 2261 1798 2301 ad

432 2344 604 2390 tempus
627 2335 799 2389 aliquod
820 2333 1061 2384 definitum,
1077 2333 1144 2373 vel
1165 2341 1213 2373 ut
1236 2333 1428 2387 quandiu
1449 2333 1577 2384 vivet,
1593 2333 1795 2375 Societati

429 2409 603 2465 praesit:
651 2416 878 2464 propterea
908 2407 1024 2462 quod
1057 2406 1328 2461 experientia,
1366 2414 1408 2447 et
1436 2407 1480 2447 in
1516 2407 1797 2462 gubernando

428 2483 687 2533 exercitatio,
722 2487 764 2523 et
798 2481 1024 2522 hominum
1057 2480 1380 2536 particularium
1417 2481 1584 2532 notitia,
1617 2488 1660 2522 et
1695 2495 1796 2537 erga

430 2558 601 2599 eosdem
644 2555 879 2597 authoritas
931 2555 1094 2595 confert
1136 2569 1410 2610 magnopere,
1461 2563 1510 2596 ut
1559 2555 1669 2596 bene
1709 2555 1793 2596 hoc

430 2645 589 2671 munus
611 2630 736 2671 obeat
754 2647 765 2680 3
797 2630 851 2670 ad
871 2628 1017 2679 vitam,
1041 2636 1082 2668 ct
1104 2643 1191 2668 non
1214 2629 1268 2668 ad
1289 2636 1462 2684 tempus
1484 2628 1656 2682 aliquod
1687 2643 1797 2683 prae-

433 2703 641 2758 scriptum
665 2703 743 2743 erit
765 2702 1000 2758 eligendus,
1062 2702 1250 2743 Accedet
1282 2710 1426 2743 autem
1458 2702 1512 2742 ad
1542 2709 1694 2742 caetera
1714 2701 1796 2743 hoc

432 2777 645 2820 commodi
667 2793 718 2819 ex
740 2793 804 2830 eo,
825 2783 875 2819 ut
897 2776 1087 2819 Societas
1109 2777 1154 2818 in
1175 2777 1302 2819 rebus
1334 2777 1480 2832 magni
1510 2777 1718 2819 momenti
1742 2778 1797 2819 ad
