2004 3294
692 654 1022 714 SEXTA
1087 651 1381 722 PARS3

375 794 423 832 (le
444 793 511 843 iis,
535 792 604 843 qecz'
627 791 812 840 admissi,
835 793 875 829 et
900 791 944 829 in
966 801 1114 840 eorpus
1135 787 1360 827 Societatz's
1382 787 1563 838 cooptati
1584 789 1694 836 sunt,

637 865 747 917 quod
766 865 823 904 acl
841 865 1026 916 ipsorum
1039 875 1244 915 personas·
1267 862 1432 901 attinet.

490 1129 551 1155 DE
579 1128 656 1164 IIS,
681 1127 789 1157 QUAE
815 1126 879 1152 AD
905 1124 1252 1152 OBEDIENTIAM
1280 1123 1576 1150 PERTINENT.

944 1201 1073 1242 CAP.
1108 1201 1143 1241 Ι.

340 1301 359 1337 1
397 1293 566 1432 UT
588 1294 662 1344 illi,
685 1294 757 1347 qui
782 1293 872 1348 jam
897 1293 951 1332 ad
972 1292 1296 1347 professionem,
1318 1290 1385 1330 vel
1412 1290 1456 1330 in
1483 1288 1766 1343 Coadjutores

530 1368 736 1408 formatos
768 1365 943 1406 admissi
981 1373 1097 1416 sunt,
1124 1364 1310 1406 uberiori
1341 1379 1440 1405 cum
1471 1363 1616 1404 fructu
1639 1362 1768 1418 juxta

395 1450 593 1484 nostrum
617 1440 876 1482 Institutum
898 1439 1043 1481 divino
1067 1439 1253 1490 servitio,
1270 1447 1312 1479 et
1333 1438 1626 1494 proximorum
1649 1437 1768 1477 auxi-

391 1518 460 1559 liis
483 1532 527 1558 se
549 1516 830 1571 impendant3
874 1515 1015 1569 aliqua
1043 1514 1087 1555 in
1119 1529 1162 1555 se
1194 1513 1299 1569 ipsis
1331 1513 1554 1555 observare
1577 1512 1767 1562 debent3

395 1607 579 1648 quorum
601 1590 819 1646 praecipua
839 1589 939 1630 licet
971 1590 1025 1629 ad
1055 1604 1104 1630 ea
1134 1597 1247 1638 vota,
1269 1603 1364 1643 quae
1387 1589 1482 1629 Deo
1511 1596 1553 1629 et
1576 1587 1768 1628 Creatori

395 1673 543 1706 nostro
568 1664 694 1719 juxta
714 1664 878 1704 litteras
900 1662 1172 1717 Apostolicas
1195 1661 1460 1712 obtulerunt,
1481 1661 1743 1701 reducantur
1756 1677 1767 1711 3

394 1741 446 1781 de
468 1739 550 1779 illis
573 1747 732 1788 tamen,
747 1745 795 1777 ut
817 1736 953 1791 magis
976 1742 1018 1776 et
1035 1736 1318 1786 declarentur,
1333 1743 1374 1776 et
1397 1735 1768 1786 commendentur,

398 1814 442 1854 in
464 1814 545 1853 hac
568 1819 687 1853 sexta
708 1818 828 1866 parte
851 1810 1030 1850 dicetur.
1092 1810 1151 1849 Et
1183 1809 1386 1863 quoniam
1418 1824 1512 1863 quae
1545 1809 1599 1850 ad
1619 1814 1768 1850 votum

398 1886 622 1929 Castitatis
642 1885 876 1940 pertinent,
897 1883 1250 1938 interpretatione
1283 1898 1370 1924 non
1401 1883 1622 1938 indigent3
1665 1898 1764 1924 cum

399 1966 582 2010 constet,
605 1960 734 2014 quam
763 1958 818 1999 sit
848 1957 1036 2012 perfecte
1067 1957 1348 2007 observanda,
1380 1971 1535 2012 nempe
1567 1956 1769 1998 enitendo

398 2034 652 2090 Angelicam
685 2031 916 2087 puritatem
949 2030 1107 2071 imitari
1135 2039 1177 2071 et
1206 2030 1410 2086 corporis,
1442 2037 1485 2071 et
1515 2030 1672 2071 mentis
1694 2045 1770 2071 no-

401 2117 499 2150 strae
541 2105 785 2147 munditia:
833 2105 916 2145 His
954 2104 1205 2159 suppositis,
1240 2105 1292 2145 de
1327 2111 1476 2145 sancta
1512 2103 1772 2146 Obedientia

402 2182 592 2231 dicetur3
624 2180 668 2220 in
691 2194 777 2233 qua
798 2178 972 2233 quidem
994 2178 1152 2219 virtute
1175 2178 1376 2219 omnibus
1408 2178 1598 2220 studiose
1619 2193 1772 2220 curan—

403 2257 507 2297 dum
529 2261 608 2304 est,
630 2262 678 2293 ut
700 2252 903 2292 eximium
935 2266 1211 2307 progressum
1242 2252 1416 2303 faciant,
1446 2267 1525 2293 nec
1558 2252 1696 2293 solum
1727 2253 1772 2294 in

400 2330 529 2372 rebus
560 2326 838 2382 obligatoriis,
871 2326 946 2367 sed
979 2325 1107 2366 etiam
1144 2326 1187 2366 in
1220 2326 1338 2377 aliis3
1370 2327 1470 2368 licet
1501 2326 1610 2367 nihil
1642 2327 1771 2379 aliud,

403 2417 533 2459 quam
555 2406 680 2442 natus
701 2402 930 2442 voluntatis
953 2399 1194 2452 Superioris
1215 2402 1303 2440 sine
1335 2402 1416 2441 ullo
1446 2415 1639 2454 capre-380
1662 2416 1772 2455 prce-

404 2483 533 2532 cepto,
563 2477 788 2517 videretur.
850 2473 1020 2514 Versari
1055 2482 1198 2514 autem
1231 2474 1358 2515 debet
1390 2475 1444 2515 ob
1477 2475 1625 2516 oculos
1648 2476 1772 2516 Deus

406 2553 583 2594 Creator
605 2565 652 2591 ac
675 2549 892 2591 Dominus
916 2554 1074 2599 noster,
1097 2557 1272 2604 propter
1294 2565 1422 2604 quem
1444 2550 1609 2591 homini
1630 2550 1774 2591 obedi-

407 2626 522 2667 entia
556 2632 808 2679 praestatur:
855 2630 895 2662 et
932 2630 980 2662 ut
1017 2622 1059 2662 in
1096 2623 1249 2678 spiritu
1287 2624 1457 2675 amoris,
1484 2631 1526 2664 et
1558 2638 1644 2664 non
1676 2638 1773 2664 cum

410 2698 729 2755 perturbatione
762 2696 925 2738 timoris
957 2697 1227 2750 procedatur,
1259 2698 1496 2739 curandum
1529 2704 1607 2748 est,
1638 2696 1697 2738 ita
1728 2706 1775 2738 ut

409 2788 557 2816 onmes
590 2772 803 2813 constanti
825 2771 967 2813 animo
989 2770 1304 2822 incumbamus,
1337 2780 1383 2812 ut
1412 2771 1519 2812 nihil
1550 2771 1775 2826 perfectio-
