1987 3374
646 675 897 725 PRIMA
943 677 1130 726 PARS

197 829 1574 944 CONSTITUTIONUM

523 1011 573 1051 de
594 1012 842 1052 admissione
864 1012 922 1051 ad
941 1011 1249 1052 Probationem.

294 1341 358 1368 DE.
383 1340 460 1378 EO,
482 1340 569 1371 QUI
592 1341 906 1368 ADMITTENDI
933 1341 1265 1368 FACL’LTATEM
1291 1340 1470 1367 HABET.

782 1411 913 1452 CAP.
948 1411 983 1452 Ι.

183 1498 203 1534 1
361 1493 643 1535 ACULTAS
686 1495 944 1536 admittendi
990 1496 1044 1535 ad
1089 1496 1388 1550 probationem
1415 1509 1615 1549 quorum,

239 1493 405 1628 Fet
440 1576 603 1623 quanta
638 1569 721 1619 sit3
765 1569 931 1624 judicio
970 1570 1196 1624 Praepositi
1231 1569 1454 1610 Generalis
1487 1569 1615 1610 relin-

236 1650 422 1697 quatur3
463 1643 539 1697 qui
567 1643 612 1683 in
644 1658 693 1684 ea
724 1644 1084 1684 communicanda
1109 1644 1412 1694 considerabit,
1434 1644 1540 1698 quid
1562 1644 1617 1685 ad

234 1715 374 1771 majus
396 1716 618 1757 servitium
640 1716 724 1757 Dei
746 1731 794 1757 ac
816 1717 997 1758 Domini
1020 1718 1154 1758 nostri
1176 1718 1418 1758 conveniat.

236 1790 425 1834 Quando
446 1790 615 1846 aliquis,
638 1791 713 1846 qui
741 1792 924 1833 idoneus
953 1792 1164 1843 videatur,
1187 1793 1242 1832 ad
1272 1801 1467 1833 nostrum
1491 1793 1615 1833 'msti-

232 1872 380 1906 tutum
400 1866 686 1920 sequendum,
708 1866 762 1906 ad
783 1881 882 1907 eum
914 1867 1149 1918 accederet,
1172 1867 1247 1921 qui
1267 1867 1518 1922 hujusmodi
1541 1868 1614 1908 ad-

233 1940 437 1982 mittendi
461 1949 723 1995 potestatem
754 1956 842 1982 non
874 1941 1019 1992 habet,
1050 1942 1220 1983 mittere
1243 1957 1342 1982 eum
1369 1943 1528 1997 poterit
1561 1943 1614 1983 ad

232 2014 370 2065 illum,
397 2029 531 2069 penes
564 2029 694 2069 quem
722 2029 771 2055 ea
804 2015 884 2065 sit3
928 2015 996 2055 vel
1028 2015 1212 2056 scribere
1246 2016 1297 2066 ei,
1329 2016 1614 2070 significando

234 2089 374 2144 qualis
394 2089 465 2129 ille
494 2088 564 2139 sit,
586 2092 628 2129 et
650 2088 809 2143 quibus
831 2089 1040 2144 praeditus
1069 2090 1153 2130 Dei
1184 2090 1324 2140 donis,
1347 2090 1422 2144 qui
1443 2090 1616 2130 admitti

232 2164 372 2220 petit3
417 2171 459 2204 et
495 2171 734 2217 exequatur
769 2163 887 2217 quod
920 2164 957 2204 ei
998 2163 1043 2203 in
1086 2164 1277 2204 Domino
1310 2164 1613 2219 praescriptum

232 2238 388 2279 fuerit:
422 2237 458 2278 si
479 2237 655 2292 quidem
686 2236 755 2277 ille
785 2237 831 2277 in
863 2236 1058 2278 absentia
1078 2237 1123 2278 id
1150 2237 1458 2292 praescribendi
1478 2238 1613 2279 facul-

234 2320 370 2354 tatem
389 2311 582 2352 habebit.

174 2393 201 2430 3
235 2387 352 2430 Quia
379 2386 508 2427 refert
547 2385 784 2441 plurimum
821 2386 875 2426 ad
907 2386 1103 2426 divinum
1136 2387 1373 2438 servitium,
1410 2389 1612 2428 conveni-

233 2470 378 2504 entem
418 2460 567 2501 haberi
616 2460 832 2502 delectum
876 2475 1039 2512 eorum,
1091 2462 1165 2515 qui
1215 2462 1522 2513 admittuntur,
1568 2473 1610 2504 et

231 2535 499 2591 diligentiam
545 2534 753 2584 adhiberi,
792 2544 841 2575 ut
888 2534 1188 2590 intelligantur
1229 2550 1326 2590 quae
1369 2537 1424 2576 ad
1459 2552 1608 2578 eorum

229 2606 460 2667 personam
480 2618 522 2651 et
541 2609 813 2650 vocationem
834 2609 1048 2650 attinent:
1082 2610 1156 2664 qui
1187 2609 1317 2650 talem
1349 2611 1608 2652 admittendi

227 2684 478 2727 facultatem
503 2682 649 2733 habet,
677 2683 713 2723 si
737 2697 815 2737 per
840 2697 884 2723 se
916 2683 1062 2738 ipsum
1092 2683 1137 2723 id
1167 2684 1263 2738 ipse
1294 2699 1383 2724 non
1413 2694 1605 2739 praestet,

226 2759 383 2801 habeat
403 2758 449 2799 in
469 2757 536 2808 iis,
564 2756 640 2812 qui
664 2756 834 2798 assidue
857 2758 974 2812 apud
1006 2773 1050 2798 se
1082 2767 1232 2812 agunt,
1255 2757 1457 2812 aliquem,
1479 2760 1603 2814 cujus

225 2847 356 2888 opera
375 2840 524 2874 utatur
544 2831 598 2873 ad
619 2831 971 2887 cognoscendum
993 2847 1080 2883 eos,
1103 2832 1178 2886 qui
1207 2832 1526 2888 ingrediuntur,
1549 2835 1603 2874 ad

834 2920 861 2945 B
886 2910 910 2946 2

178 1795 204 1831 10
