1987 3374
710 338 830 365 PARS
866 337 1070 368 QUINTA.
1562 328 1616 364 69

238 455 339 503 peto
377 447 643 502 suppliciter,
682 453 731 488 ut
763 448 845 489 hoe
882 447 1185 488 holocaustum
1222 447 1266 487 in
1309 447 1484 488 odorem
1522 462 1620 488 sua-

236 521 381 562 vitatis
403 521 628 562 admittere
651 521 869 577 digneris,
912 527 969 572 et,
1000 530 1049 562 ut
1079 521 1261 576 largitus
1293 536 1337 562 es
1363 521 1418 562 ad
1441 521 1524 562 hoc
1547 521 1619 562 de-

236 595 516 636 siderandum
558 604 600 637 et
642 596 926 647 offerendum,
968 596 1028 637 sie
1071 596 1200 637 etiam
1243 595 1298 636 ad
1338 595 1616 651 expleudum,

237 669 419 725 gratiam
440 670 618 711 uberem
638 670 831 726 largiaris
849 688 860 722 3
895 671 1059 721 Romae,
1083 670 1149 711 vel
1170 670 1285 721 alibi,
1307 670 1382 711 tali
1403 670 1512 721 loco,
1535 670 1618 721 die,

236 760 400 797 mense,
414 754 456 786 et
479 760 606 787 anno.
671 746 774 787 Post
796 747 888 786 haec
912 745 1104 801 perinde,
1121 753 1170 786 ut
1192 746 1276 796 alii,
1294 745 1616 786 sanctissimum

236 819 401 861 Christi
433 836 590 876 corpus
622 829 795 862 sument
812 839 824 872 3
867 827 909 862 et
941 821 1119 875 reliqua,
1142 836 1239 875 quae
1272 820 1470 876 superius
1502 820 1617 861 dicta

238 903 356 947 sunt,
377 905 654 951 peragentur.

236 971 473 1024 Postquam
503 970 657 1025 aliquis
690 970 736 1010 in
762 984 921 1025 eorpus
955 971 1182 1011 Societatis
1208 978 1457 1026 eo-optatus
1486 971 1615 1012 fuerit

232 1045 276 1085 in
306 1045 448 1101 aliquo
485 1046 637 1101 gradu,
672 1045 727 1085 ad
762 1045 894 1086 alium
931 1046 1134 1101 progredi
1163 1061 1310 1087 curare
1340 1061 1427 1086 non
1460 1046 1613 1096 debet3

232 1119 309 1160 sed
341 1119 387 1160 in
421 1135 499 1161 suo
533 1119 697 1175 perfici,
734 1128 777 1161 et
814 1120 1021 1175 obsequio
1049 1120 1133 1161 Dei
1164 1129 1207 1161 et
1232 1120 1379 1175 gloriae
1412 1135 1503 1161 sese
1532 1120 1613 1160 im-

230 1190 434 1250 pendere,
466 1210 515 1236 ae
539 1195 773 1251 Superiori,
801 1196 875 1250 qui
906 1197 1066 1237 scilicet
1101 1196 1261 1236 Christi
1282 1197 1453 1236 Domini
1480 1197 1614 1236 nostri

229 1272 339 1311 vices
364 1272 493 1325 9erit,
515 1285 662 1311 curam
684 1271 865 1312 aliorum
887 1271 1083 1312 omnium
1103 1271 1358 1325 relinquere.

232 1344 322 1387 Qui
348 1345 393 1385 in
428 1345 630 1386 domibus
665 1353 907 1396 versantur,
943 1353 1043 1400 post
1075 1345 1300 1386 biennium
1331 1354 1432 1386 vota
1463 1344 1612 1385 eadem

228 1419 440 1471 emittere,
469 1434 566 1474 quae
600 1419 870 1471 Scholastiei,
899 1427 941 1460 et
974 1419 1148 1460 Christo
1171 1419 1363 1460 Domino
1392 1426 1540 1459 nostro
1567 1434 1611 1459 se

228 1493 499 1549 obstringere
537 1493 730 1544 debent3
778 1502 820 1534 et
856 1494 915 1545 id,
950 1494 1132 1548 quanvis
1176 1494 1330 1534 studiis
1364 1493 1610 1549 applicandi

228 1583 317 1609 non
338 1568 580 1619 videantur,
605 1583 684 1609 nee
707 1568 920 1623 expedire,
943 1577 992 1608 ut
1024 1576 1112 1609 tam
1140 1568 1225 1609 cito
1257 1568 1302 1608 in
1326 1567 1610 1623 Coadjutores

226 1642 449 1693 formatos,
470 1642 539 1683 vel
562 1643 783 1685 Professos
807 1642 1107 1693 admittantur,
1129 1643 1413 1688 existimetur.
1478 1642 1610 1685 Quod

225 1717 264 1757 si
305 1716 402 1771 quis
444 1716 620 1772 propria
660 1716 874 1772 impulsus
927 1717 1153 1758 devotione
1207 1726 1305 1758 ante
1347 1717 1391 1758 id
1433 1725 1608 1772 tempus

223 1790 389 1832 biennii
421 1791 549 1832 vellet
582 1792 694 1832 votis
729 1806 773 1832 se
808 1792 904 1832 Deo
941 1791 1120 1841 offerre3
1164 1792 1346 1832 eandem
1377 1791 1606 1832 formulam

223 1865 347 1920 sequi
377 1866 565 1921 poterit3
609 1875 651 1907 et
685 1881 773 1907 uno
804 1866 894 1907 voti
931 1866 997 1907 sui
1030 1866 1179 1922 scripti
1216 1866 1412 1922 exemplo
1447 1866 1606 1907 tradito

223 1940 460 1995 Superiori,
490 1940 673 1981 alterum
710 1955 843 1995 penes
882 1956 925 1981 se
963 1941 1171 1991 retineat;
1209 1948 1259 1982 ut
1293 1941 1398 1996 quid
1432 1942 1527 1982 Deo
1557 1955 1605 1981 ae

223 2014 416 2055 Domino
448 2022 596 2055 nostro
618 2014 838 2065 obtulerit,
861 2015 1122 2055 recordetur.
1184 2015 1243 2055 Et
1266 2015 1320 2055 ad
1341 2015 1423 2056 1100
1444 2015 1604 2069 ipsum,

224 2088 439 2143 simulque
483 2089 537 2129 ad
579 2089 851 2130 devotionem
894 2089 1138 2144 augendam
1181 2090 1386 2140 conferet,
1429 2089 1603 2130 statutis

222 2163 484 2217 quibusdam
519 2164 788 2219 temporibus
831 2179 928 2218 quae
966 2179 1158 2219 congrua
1190 2165 1467 2213 videbuntur,
1503 2172 1604 2205 vota

222 2253 302 2278 sua
321 2253 541 2280 renovare.
605 2239 736 2281 Quod
758 2239 933 2294 quidem
963 2254 1052 2280 non
1084 2248 1162 2288 est,
1197 2240 1458 2295 obligatione
1491 2255 1601 2280 nova

222 2326 267 2352 se
298 2312 582 2368 obstringere,
605 2314 680 2354 sed
711 2312 818 2368 ejus,
854 2328 939 2368 qua
978 2314 1174 2355 obstricti
1207 2322 1309 2355 sunt
1340 2314 1383 2355 in
1409 2314 1599 2355 Domino

221 2387 449 2439 reeordari,
471 2395 599 2443 atque
621 2389 801 2430 eandem
824 2390 1091 2430 confirmare.
