1987 3374
734 343 854 368 1³-st
891 342 1106 371 QVARTA.
1590 334 1640 369 41

260 451 510 502 deliberent,
545 451 710 506 sibique
753 452 1057 507 persuadeant,
1099 451 1207 491 nihil
1248 451 1412 506 gratius
1456 466 1499 492 se
1542 453 1637 493 Deo

259 526 448 567 facturos
470 526 515 566 in
539 525 758 582 Collegiis,
781 527 911 582 quam
934 526 969 567 si
991 541 1090 566 cum
1124 540 1172 566 ea
1202 525 1460 577 intentione,
1485 526 1536 566 de
1559 542 1643 581 qua

261 600 426 641 dictum
461 608 540 652 est,
578 601 732 642 studiis
771 616 814 642 se
857 601 1086 656 diligenter
1118 601 1388 656 impendant.
1451 601 1510 640 Et
1546 600 1643 641 licet

260 690 486 731 nunquam
516 676 569 717 ad
602 676 840 717 exercenda
871 691 933 727 ea,
966 691 1063 731 quae
1096 675 1338 727 didicerint,
1360 675 1642 731 perveniant3

259 749 382 791 illum
404 757 547 792 tamen
573 750 777 792 studendi
807 750 998 792 laborem
1021 765 1072 792 ex
1105 749 1349 791 obedientia
1371 758 1413 791 et
1435 750 1642 791 charitate

264 826 328 879 (ut
350 840 429 881 par
451 827 531 879 est)
558 834 827 882 susceptum,
850 841 960 881 opus
988 841 1079 867 esse
1111 826 1259 881 magni
1290 825 1432 866 meriti
1462 825 1507 866 in
1539 840 1642 866 con-

257 905 410 955 spectu
433 901 589 941 divinae
612 916 659 941 ac
683 916 864 942 summae
887 900 1133 956 Majestatis
1156 901 1273 956 apud
1295 915 1339 941 se
1362 908 1569 942 statuant.

198 979 224 1015 3
260 974 583 1030 Impedimenta
604 975 733 1016 etiam
755 983 1072 1026 removeantur,
1095 990 1193 1029 quae
1216 989 1240 1015 a
1268 974 1423 1015 studiis
1446 974 1639 1015 animum

256 1057 453 1101 avocant,
489 1055 579 1090 tam
614 1049 894 1091 devotionum
931 1065 979 1090 ac
1016 1048 1414 1100 mortificationum,
1444 1063 1541 1103 quae
1573 1049 1640 1090 vel

256 1124 400 1165 nimiae
421 1125 489 1166 vel
510 1124 602 1166 sine
625 1125 775 1166 ordine
799 1124 944 1166 debito
968 1124 1279 1180 suscipiuntur,
1294 1124 1424 1179 quam
1438 1138 1639 1164 curarum

254 1206 298 1239 et
319 1199 671 1255 occupationum,
694 1215 791 1255 quae
814 1199 930 1240 domi
952 1199 996 1239 in
1020 1199 1171 1240 officiis
1194 1198 1456 1249 domesticis,
1471 1206 1514 1239 et
1535 1197 1638 1239 foris

254 1273 495 1329 colloquiis,
538 1274 897 1326 confessionibus,
950 1283 1078 1329 atque
1132 1273 1223 1315 aliis
1276 1288 1376 1329 erga
1417 1273 1636 1329 proximos

254 1349 553 1391 functionibus
583 1358 889 1391 assumuntur:
933 1358 1147 1405 quatenus
1180 1349 1232 1390 ab
1266 1349 1325 1390 eis
1360 1348 1563 1390 declinari
1592 1348 1636 1389 in

255 1423 447 1466 Domino
476 1425 648 1480 poterit.
711 1425 792 1466 Est
827 1424 942 1466 enim
976 1424 1204 1475 laudabile,
1243 1424 1329 1478 quo
1363 1424 1454 1464 aliis
1486 1429 1637 1479 postea

254 1499 446 1541 utiliores
481 1514 581 1541 cum
623 1499 832 1550 doctrina,
876 1514 1005 1554 quam
1043 1498 1285 1550 didicerint,
1321 1513 1364 1540 se
1398 1498 1635 1554 praebeant,

254 1573 506 1629 hujusmodi
527 1574 729 1615 exercitia
747 1574 861 1628 (licet
883 1573 968 1629 pia)
988 1573 1125 1614 donec
1149 1572 1292 1614 studia
1315 1573 1401 1614 sint
1424 1572 1634 1624 absoluta,

252 1647 426 1690 differri.
488 1648 548 1689 Et
589 1650 683 1689 haec
725 1649 900 1703 quidem
953 1647 1098 1689 omnia
1148 1647 1300 1702 majori
1348 1663 1448 1689 cum
1490 1648 1634 1689 studio

251 1721 447 1777 obsequii
469 1730 511 1764 et
533 1722 679 1778 gloriae
703 1722 858 1763 divina}
881 1722 1001 1762 fiant.

191 1800 219 1836 4
252 1795 305 1837 In
342 1795 582 1852 disciplinis
619 1797 724 1838 ordo
768 1796 1004 1838 servandus
1039 1804 1118 1847 est,
1151 1803 1201 1837 ut
1237 1794 1356 1851 prius
1394 1795 1438 1836 in
1476 1796 1634 1837 Latina

249 1870 399 1926 lingua
440 1871 627 1912 solidum
671 1871 837 1926 jaciant
883 1871 1234 1922 fundamentum,
1286 1884 1416 1924 quam
1457 1870 1631 1911 Artium

248 1944 504 1996 liberalium,
526 1954 569 1986 et
590 1945 636 1986 in
658 1945 723 1996 iis,
746 1954 980 2000 antequam
1002 1944 1249 1999 Theologiae
1274 1944 1567 1996 Scholasticae,
1590 1953 1632 1986 et

249 2019 425 2074 quidem
458 2019 503 2059 in
544 2020 640 2070 hac,
674 2020 904 2074 antequam
941 2019 1141 2060 Positivae
1185 2018 1339 2059 studiis
1374 2033 1418 2059 se
1455 2019 1630 2060 dedant.

250 2092 392 2134 Sacrae
415 2092 640 2148 scripturae
661 2093 729 2134 vel
761 2093 910 2134 eodem
944 2100 1151 2148 tempore,
1173 2092 1241 2132 vel
1272 2097 1423 2147 postea
1454 2093 1627 2134 tractari

247 2173 467 2223 poterunt.

189 2248 213 2283 5
247 2242 432 2298 Linguae
464 2257 564 2283 vero
594 2243 692 2295 illae,
724 2244 769 2284 in
801 2243 959 2298 quibus
992 2243 1163 2298 scriptae
1191 2243 1258 2284 vel
1279 2257 1412 2283 versae
1433 2242 1624 2293 fuerunt,

246 2317 382 2372 prius,
405 2325 479 2357 aut
508 2317 738 2373 posterius,
760 2324 810 2359 ut
832 2317 1052 2374 Superiori
1072 2332 1151 2373 pro
1172 2317 1376 2358 varietate
1398 2331 1625 2357 causarum

247 2392 581 2444 occurrentium,
603 2408 652 2434 ac
674 2393 918 2435 diversitate
951 2407 1234 2448 personarum
1265 2392 1495 2443 videbitur,
1517 2391 1624 2432 disci

244 2473 463 2523 poterunt.
526 2468 680 2525 Itaque
712 2470 817 2511 ordo
854 2468 1060 2524 temporis
1094 2468 1186 2523 ejus
1219 2468 1463 2523 prudentiae
1493 2467 1622 2508 relin-

244 2550 416 2598 quetur.
478 2543 564 2585 Sed
598 2544 632 2585 si
667 2544 915 2600 linguarum
952 2543 1095 2584 studio
1131 2542 1268 2584 nostri
1308 2547 1477 2593 vacant,
1509 2541 1622 2582 inter

245 2622 412 2669 caetera,
434 2618 489 2658 ad
520 2633 616 2673 quae
648 2618 908 2659 discentium
939 2617 1123 2659 intentio
1154 2617 1329 2667 feratur,
1349 2616 1455 2656 illud
1479 2616 1549 2668 sit,
1571 2624 1619 2657 ut

242 2692 483 2734 versionem
506 2693 559 2734 ab
581 2693 776 2734 Ecclesia
797 2693 1080 2749 approbatam
1102 2692 1349 2733 defendant.

185 2772 211 2808 6
245 2768 501 2810 Scholastici
552 2783 702 2810 omnes
751 2768 958 2810 lectiones
999 2767 1273 2824 publicorum
1322 2767 1618 2808 Professorum

235 2842 363 2897 juxta
400 2842 595 2885 Rectoris
631 2843 812 2899 Collegii
850 2843 1072 2885 arbitrium
1115 2841 1316 2883 audiant:
1365 2840 1615 2896 quiquidem
