2004 3294
395 302 418 338 3
423 302 450 337 Ο

396 942 449 979 28

898 310 1328 339 CONSTITUTIONUM

483 435 577 462 sum
609 421 838 476 loquendo,
869 422 913 462 in
943 424 1142 464 domibus
1173 438 1259 464 non
1292 431 1445 473 erunt3
1484 424 1565 464 nisi
1597 424 1640 465 in
1669 423 1846 478 quibus-

483 495 595 546 dam,
631 495 918 550 peculiaribus
960 496 1011 536 de
1053 497 1207 548 causis,
1250 497 1570 551 dispensatione
1612 512 1721 552 opus
1754 512 1845 538 esse

482 569 708 610 videretur.
771 569 962 624 Collegia
983 570 1096 610 enim
1119 571 1173 610 ad
1193 570 1355 611 litteras
1377 570 1672 622 addiscendas,
1693 571 1846 611 domus

480 643 580 683 vcro
614 643 668 682 ad
709 657 793 693 eas,
827 656 933 696 quas
967 642 1207 692 didicerint,
1244 643 1513 693 exercendas,
1548 644 1615 684 vel
1648 644 1702 684 ad
1736 657 1846 698 prae-

481 715 720 770 parandum
752 729 897 755 earum
928 715 1274 765 fundamentum,
1304 714 1560 756 humilitatis
1591 715 1766 767 scilieet,
1797 731 1845 757 ac

481 789 621 830 omnis
648 788 818 830 virtutis
849 788 893 829 in
925 788 991 839 iis,
1022 788 1096 843 qui
1123 802 1297 844 operam
1328 789 1388 829 eis
1415 794 1518 830 sunt
1547 788 1703 840 daturi,
1730 803 1846 831 com-

480 870 640 918 paratae
663 871 778 904 sunt.

483 937 549 979 Sit
590 937 742 992 aliquis
784 937 913 989 domi,
954 937 1028 992 qui
1070 936 1250 992 singulis
1287 937 1583 989 hebdomadis,
1623 937 1692 978 vel
1731 937 1846 978 certe

482 1011 647 1052 decimo
680 1010 832 1065 quinto
868 1024 1039 1065 quoque
1073 1010 1155 1061 die,
1186 1011 1278 1051 haec
1309 1018 1351 1051 et
1388 1010 1540 1051 similia
1570 1010 1770 1051 omnibus
1800 1010 1845 1051 in

481 1085 729 1126 memoriam
750 1085 940 1140 redigat3
971 1085 1038 1126 vel
1058 1084 1120 1125 illi
1140 1085 1233 1125 haec
1254 1085 1392 1140 legere
1415 1090 1660 1126 teneantur:
1691 1099 1745 1125 ne
1766 1099 1845 1140 pro

481 1166 639 1200 nostrae
666 1159 827 1214 fragilis
853 1166 1018 1199 naturae
1051 1158 1295 1199 conditione
1328 1158 1449 1199 obliti
1485 1158 1538 1199 ab
1569 1173 1717 1199 eorum
1749 1173 1845 1199 exe-

481 1233 652 1274 cutione
684 1241 866 1274 eessent.
927 1233 986 1273 Et
1017 1232 1241 1286 aliquoties
1273 1232 1453 1287 singulis
1484 1232 1608 1272 annis
1640 1246 1790 1273 omnes
1821 1246 1845 1272 a

481 1307 707 1361 Superiore
730 1307 810 1347 sibi
830 1306 1105 1361 poenitentias
1130 1305 1299 1360 injungi
1330 1314 1505 1360 propter
1533 1306 1748 1346 defectum
1769 1305 1845 1347 ob-

481 1380 730 1421 servationis
750 1380 1013 1434 Regularum
1035 1386 1214 1434 petant3
1245 1386 1294 1419 ut
1315 1379 1407 1419 haec
1433 1393 1536 1419 cura
1560 1378 1767 1419 indicium
1789 1379 1845 1420 sit

480 1453 609 1504 illius,
630 1468 759 1508 quam
781 1454 833 1494 de
856 1467 933 1494 suo
954 1453 1151 1508 profectu
1173 1451 1384 1507 spirituali
1404 1451 1449 1492 in
1470 1452 1538 1493 via
1559 1452 1644 1494 Dei
1664 1451 1844 1507 quisque

480 1527 635 1568 habere
661 1527 801 1568 debet.

741 1741 803 1768 DE
828 1739 1238 1769 CONSERVATIONE
1262 1738 1514 1767 CORPORIS.

1006 1819 1135 1862 CAP.
1168 1819 1231 1861 ΙΙ.

481 1903 553 1944 UT
589 1902 720 1943 nimia
757 1902 982 1943 solicitudo
1019 1902 1063 1942 in
1099 1901 1165 1953 iis,
1202 1915 1298 1956 quae
1332 1901 1386 1941 ad
1419 1915 1575 1956 corpus
1610 1901 1842 1957 pertinent,

478 1976 822 2032 reprehensibilis
857 1983 946 2027 est3
989 1976 1049 2016 ita
1085 1989 1186 2016 cura
1221 1974 1441 2015 moderata
1474 1975 1662 2030 tuendae,
1697 1977 1752 2017 ad
1779 1976 1842 2017 di-

478 2051 627 2092 vinum
658 2049 911 2104 obsequium
947 2048 1204 2090 valetudinis
1237 2062 1286 2088 ae
1312 2048 1466 2088 virium
1499 2048 1688 2103 corporis
1717 2048 1842 2091 laude

479 2125 622 2179 digna,
650 2128 694 2164 et
729 2123 781 2164 ab
818 2123 1019 2164 omnibus
1052 2122 1295 2163 adhibenda
1327 2129 1419 2162 est:
1463 2130 1505 2162 et
1533 2136 1582 2163 ea
1614 2123 1667 2163 de
1700 2136 1842 2174 causa,

479 2199 577 2239 cum
600 2197 977 2239 animadverterint
999 2196 1159 2250 aliquid
1186 2196 1267 2237 sibi
1292 2210 1459 2247 nocere,
1480 2190 1547 2237 vel
1577 2196 1682 2251 quid
1711 2197 1841 2238 alium

479 2271 766 2313 necessarium
795 2285 886 2312 esse
918 2271 1029 2311 eirca
1058 2269 1235 2320 Victum,
1266 2269 1484 2319 vestitum,
1516 2269 1841 2322 habitationem,

478 2346 715 2388 officiorum
745 2344 1105 2394 exercitationem,
1138 2351 1179 2384 et
1214 2343 1273 2384 sic
1307 2343 1359 2384 de
1396 2343 1488 2385 aliis
1523 2343 1667 2395 rebus,
1694 2344 1841 2385 admo-

478 2428 608 2461 neant
649 2434 798 2461 omnes
840 2433 888 2459 ea
929 2419 980 2459 de
1021 2432 1065 2458 re
1109 2417 1395 2471 Superiorem,
1436 2417 1503 2457 vel
1544 2431 1672 2471 quem
1709 2417 1764 2458 ad
1795 2417 1840 2458 id

477 2493 680 2549 Superior
693 2491 977 2542 constituerit,
991 2491 1076 2532 duo
1097 2490 1268 2531 interim
1290 2490 1591 2531 observantes:
1632 2490 1839 2541 Primum,

477 2576 526 2607 ut
567 2575 796 2621 antequam
839 2566 892 2607 ad
933 2579 1030 2606 eum
1072 2565 1176 2619 quid
1217 2564 1415 2616 referant,
1457 2579 1500 2605 se
1535 2564 1589 2605 ad
1629 2563 1839 2605 orandum

476 2641 697 2696 recipiant,
712 2650 754 2682 et
776 2649 874 2696 post
896 2639 1146 2690 orationem,
1167 2640 1201 2680 si
1225 2639 1434 2680 senserint
1455 2653 1545 2680 rem
1566 2637 1838 2680 deferendam

478 2717 531 2756 ad
555 2716 839 2770 Superiorem,
868 2716 911 2756 id
936 2715 1121 2765 faciant3
1159 2714 1371 2765 Alterum,
1398 2721 1447 2754 ut
1479 2713 1576 2754 esim
1604 2711 1733 2753 verbo
1765 2720 1839 2753 aut

479 2791 636 2845 scripto
673 2791 789 2831 brevi
827 2792 894 2843 (nc
929 2790 1094 2831 excidat
1130 2789 1347 2838 memoria)
1390 2787 1606 2843 Superiori
1642 2801 1731 2828 rem
1767 2801 1838 2827 ex-
