1987 3374
744 327 865 354 PARS
901 327 1069 355 SEXTA.
1558 319 1611 366 79

240 437 516 480 Scholasticis
549 437 775 478 Societatis
806 437 851 477 in
883 438 1023 478 causis
1055 437 1267 489 civilibus,
1289 438 1448 480 nedum
1472 440 1614 481 crimi-

237 513 423 565 nalibus,
463 528 508 554 se
543 514 778 554 examinari
822 513 936 564 (nisi,
973 514 1044 567 qui
1086 515 1143 554 ad
1171 519 1394 567 peccatum
1430 516 1614 569 oblifflzre

229 592 388 641 potest,
431 587 709 640 compelleret)
754 587 843 627 sine
885 587 1054 627 licentia
1097 587 1340 641 Superioris
1372 590 1614 641 permittat.

240 661 446 716 Superior
474 668 618 702 autem
647 675 742 701 eam
775 660 953 701 minime
978 660 1112 713 dabit,
1144 662 1228 702 nisi
1258 661 1303 702 in
1332 662 1487 713 causis,
1519 677 1615 717 quae

239 735 294 776 ad
316 735 587 790 Religionem
611 734 880 776 Catholicam
901 735 1135 790 pertinent,
1156 735 1224 776 vel
1255 736 1414 790 alioqui
1444 736 1489 777 in
1517 736 1615 792 piis,

239 824 337 865 quae
366 809 426 850 sic
458 810 619 850 cedunt
655 809 699 849 in
727 808 859 863 hujus
895 809 1099 861 favorem,
1130 815 1180 850 ut
1207 810 1252 850 in
1278 811 1452 852 alterius
1487 811 1617 852 detri-

238 892 436 925 mentum
457 899 546 924 non
568 884 748 933 cedant;
781 883 1146 938 Quandoquidem
1164 884 1362 926 Instituti
1384 887 1520 927 nostri
1537 894 1616 937 est,

239 958 331 998 sine
353 957 610 1012 cujusquam
633 956 884 1007 offensione,
899 965 1112 1011 quantum
1135 958 1227 998 fieri
1248 967 1407 1014 potest,
1422 960 1615 1001 omnium

238 1032 283 1072 in
306 1031 497 1072 Domino
520 1031 759 1072 commodis
782 1030 1001 1072 inservire.

187 1244 250 1270 DE
275 1243 502 1280 AUXILIO,
526 1243 658 1273 QUOD
683 1243 1027 1270 MORIENTIBUS
1054 1243 1104 1269 IN
1131 1243 1417 1280 SOCIETATE,
1441 1244 1500 1270 ΕΤ
1525 1244 1586 1270 DE

256 1317 564 1355 SUFFRAGIIS,
588 1317 696 1347 QUAE
722 1317 941 1344 MORTUIS
966 1317 1139 1344 EADEM
1165 1318 1518 1344 PRAESTANTUR.

765 1385 895 1426 CAP.
929 1385 1008 1426 IV.

185 1473 202 1508 1
241 1467 314 1509 UT
335 1468 381 1508 in
401 1467 491 1508 vita
511 1467 725 1518 universa,
746 1467 807 1508 ita
829 1475 870 1508 et
892 1467 937 1507 in
968 1474 1105 1508 morte
1138 1472 1181 1507 et
1211 1467 1349 1507 multo
1380 1467 1618 1522 impensius

239 1541 539 1596 unusquisque
563 1541 615 1582 de
631 1541 844 1582 Societate
867 1541 987 1592 eniti,
1004 1549 1046 1582 et
1061 1555 1208 1582 curare
1223 1541 1364 1593 debet,
1378 1549 1428 1582 ut
1443 1542 1490 1582 in
1507 1542 1619 1597 seip-

239 1631 286 1657 so
308 1617 431 1657 Deus
453 1631 501 1656 ac
524 1615 741 1656 Dominus
774 1623 921 1656 noster
952 1615 1138 1656 JESUS
1172 1615 1374 1656 Christus
1406 1616 1618 1671 glorifice-

240 1697 326 1741 tur,
347 1689 570 1745 ipsiusque
591 1688 915 1744 beneplacitum
936 1688 1181 1744 impleatur,
1205 1698 1247 1729 et
1278 1689 1463 1744 proximi
1484 1690 1618 1730 aedifi-

240 1771 407 1815 centur,
430 1763 582 1805 saltem
603 1764 649 1804 in
672 1763 869 1818 exemplo
891 1762 1127 1818 patientiae,
1150 1777 1198 1803 ac
1219 1763 1502 1814 fortitudinis,
1519 1779 1618 1805 cum

240 1838 325 1879 fide
346 1838 457 1889 viva,
479 1852 528 1879 ac
551 1853 642 1893 spe,
664 1843 707 1878 et
729 1852 872 1878 amore
904 1837 1119 1878 bonorum
1150 1837 1321 1878 illorum
1344 1846 1619 1890 aeternorum,

240 1927 338 1967 quae
372 1912 497 1953 nobis
533 1912 736 1953 Christus
771 1912 989 1952 Dominus
1032 1919 1179 1953 noster
1220 1920 1309 1952 tam
1350 1912 1620 1968 incompara-

239 1987 400 2028 bilibus
441 1986 541 2027 vitae
585 2001 673 2027 suae
716 1986 965 2040 temporalis
1006 1985 1241 2037 laboribus,
1275 1995 1317 2027 et
1350 1992 1486 2027 morte
1520 2003 1619 2042 pro-

240 2061 413 2112 meruit,
442 2070 484 2102 et
516 2060 755 2115 acquisivit.
819 2059 932 2101 Cum
969 2068 1115 2101 tamen
1143 2075 1337 2116 persaepe
1368 2061 1619 2116 hujusmodi

241 2135 297 2176 sit
318 2135 459 2176 morbi
486 2135 608 2185 ratio,
638 2142 689 2175 ut
709 2149 839 2174 usum
864 2134 1019 2175 virium
1051 2134 1205 2175 animae
1236 2150 1394 2190 magna
1416 2151 1467 2176 ex
1497 2145 1618 2191 parte

240 2210 478 2266 impediat3
522 2210 707 2264 cumque
736 2209 986 2264 hujusmodi
1024 2209 1078 2250 sit
1115 2209 1184 2250 ille
1219 2210 1241 2250 a
1273 2211 1499 2265 temporali
1531 2212 1620 2253 vita

241 2285 451 2325 transitus
479 2291 529 2325 ut
554 2292 732 2339 propter
767 2297 918 2339 graves
949 2283 1301 2339 impugnationes
1330 2285 1555 2326 Daemonis
1582 2287 1619 2339 (a

242 2373 328 2413 quo
351 2373 624 2413 summopere
646 2359 774 2398 refert
796 2366 901 2399 tunc
925 2372 1012 2398 non
1036 2358 1242 2413 superari)
1268 2359 1457 2413 requirat
1487 2374 1618 2414 pecu-

240 2432 335 2473 liari
368 2432 497 2473 modo
532 2432 773 2473 subsidium
807 2432 1006 2472 fraternae
1044 2432 1292 2483 charitatis3
1337 2433 1516 2474 sollicite
1545 2434 1619 2474 ad-

240 2514 380 2548 vertat
403 2507 622 2562 Superior,
644 2515 707 2558 ut,
730 2507 804 2561 qui
828 2506 956 2562 juxta
979 2506 1143 2547 Medici
1176 2507 1433 2547 sententiam
1458 2508 1511 2549 de
1532 2508 1620 2549 vita

240 2580 522 2636 periclitatur,
564 2589 796 2636 antequam
837 2596 921 2621 usu
965 2580 1119 2636 judicii
1168 2581 1374 2636 privetur,
1417 2581 1618 2623 omnibus

242 2655 532 2697 Sacramentis
567 2656 727 2696 sanctis
764 2656 967 2711 acceptis,
1005 2664 1212 2710 tanquam
1249 2656 1377 2696 armis
1415 2671 1439 2696 a
1475 2656 1619 2697 divina

239 2729 493 2771 liberalitate
537 2729 699 2771 Christi
743 2730 920 2771 Domini
964 2730 1097 2771 nostri
1140 2729 1264 2771 nobis
1302 2730 1531 2781 concessis,
1565 2731 1619 2771 ad
