2004 3294
355 716 378 762 <1

330 1609 381 1644 lO

821 304 1253 332 CONSTITL'TIONI'M

410 415 674 456 Professores
706 414 791 455 sive
830 414 880 454 de
917 413 1127 455 Societate
1156 413 1215 453 illi
1247 413 1348 464 sint,
1377 413 1463 454 sive
1493 412 1671 463 externi,
1699 427 1774 467 op-

409 489 589 530 tandum
621 498 699 539 est,
732 497 779 529 ut
811 488 939 540 docti,
962 488 1202 543 diligentes,
1234 496 1275 528 et
1299 487 1472 538 assidui,
1495 495 1536 527 et
1559 486 1775 542 profectus

410 565 678 605 studentium
707 570 794 605 tam
824 564 868 604 in
902 563 1171 613 lectionibus,
1204 564 1331 617 quam
1365 563 1407 603 in
1440 562 1531 603 aliis
1561 561 1776 603 litterariis

409 638 783 680 exercitationibus
807 637 987 678 studiosi
1009 637 1108 678 sint.

411 714 681 754 Bibliotheca
702 711 957 762 eommunis,
981 711 1015 751 si
1045 710 1135 751 fieri
1167 718 1324 765 potest,
1346 710 1389 750 in
1414 710 1615 765 Collegiis
1647 711 1776 751 habe-

411 796 534 838 atur,
587 787 709 842 cujus
751 786 880 827 clavis
921 785 1018 836 illis,
1060 785 1133 839 qui
1172 785 1299 840 juxta
1334 785 1527 826 Rectoris
1563 784 1775 840 judicium

411 862 566 903 habere
589 861 823 911 debebunt,
846 861 1051 901 tradatur.
1114 860 1274 900 Praeter
1304 860 1383 900 hos
1415 867 1573 910 autem,
1596 859 1776 914 quisque

410 935 540 976 libros
563 935 680 986 alios,
703 935 775 989 qui
798 934 1023 975 necessarii
1044 934 1218 985 fuerint,
1239 934 1427 974 habebit.

414 1010 665 1051 Scholastiei
686 1010 730 1049 in
753 1008 975 1050 audiendis
997 1008 1252 1049 lectionibus
1275 1008 1360 1049 sint
1383 1008 1556 1059 assidui,
1578 1016 1620 1049 et
1651 1008 1695 1047 in
1718 1008 1777 1048 eis

411 1084 698 1139 praevidendis
724 1083 978 1138 diligentes3
1023 1092 1064 1123 et
1097 1091 1327 1138 postquam
1359 1097 1429 1123 eas
1458 1082 1685 1132 audierint,
1713 1096 1779 1122 re-

412 1158 624 1214 petendis,
655 1158 720 1209 iis,
749 1172 844 1212 quae
878 1172 966 1198 non
997 1156 1298 1208 intellexerint,
1327 1156 1655 1211 interrogandis,
1686 1155 1778 1196 aliis

412 1248 525 1283 vero,
569 1247 665 1287 quae
707 1231 957 1287 oportuerit,
1000 1231 1291 1282 adnotandis3
1343 1232 1428 1285 quo
1472 1231 1514 1271 in
1556 1237 1777 1285 posterum

413 1305 628 1346 memoriae
651 1305 834 1346 defectui
858 1305 1119 1345 consulatur.

415 1381 572 1420 Rector
603 1386 746 1420 autem
782 1378 962 1433 Collegii
1000 1378 1044 1418 id
1078 1393 1190 1418 curae
1221 1378 1391 1429 habeat,
1413 1386 1462 1419 ut
1492 1377 1648 1429 videat,
1669 1392 1775 1418 num

414 1455 630 1510 Magistri,
652 1459 694 1494 et
716 1453 916 1508 discipuli
939 1467 1065 1493 suum
1097 1453 1141 1493 in
1164 1453 1354 1494 Domino
1386 1453 1574 1494 officium
1605 1452 1779 1503 faciant,

412 1544 490 1569 nec
514 1543 580 1569 ne.

414 1604 526 1644 Cum
568 1602 762 1657 perutilis
805 1602 859 1641 sit
913 1601 1164 1655 (praesertim
1216 1601 1403 1650 Artium,
1446 1615 1493 1641 ac
1534 1600 1779 1656 Theologiae

414 1675 689 1717 Scholasticae
719 1674 939 1727 studiosis)
976 1674 1226 1729 disputandi
1258 1689 1390 1724 usus3
1422 1674 1622 1714 intersint
1645 1674 1780 1715 Scho-

412 1749 550 1790 lastiei
582 1748 884 1789 communibus
908 1747 1174 1799 Scholarum,
1198 1749 1251 1789 ad
1283 1763 1389 1803 quas
1420 1748 1630 1789 accedunt
1666 1748 1778 1801 (licet

412 1839 499 1865 non
558 1823 643 1863 sint
699 1821 779 1863 sub
837 1836 938 1862 eura
995 1822 1233 1875 Societatis)
1302 1822 1680 1877 disputationibus,
1737 1830 1779 1863 et

414 1897 628 1952 singulare
663 1896 728 1937 sui
771 1895 987 1950 specimen
1030 1897 1074 1936 in
1117 1896 1309 1937 doctrina
1350 1896 1554 1951 praebere,
1586 1896 1778 1937 modeste

413 1983 573 2024 tamen,
599 1980 764 2014 curent.
821 1971 1034 2012 Convenit
1065 1972 1192 2012 etiam
1225 1972 1405 2027 singulis
1439 1972 1693 2023 Dominicis,
1714 1972 1779 2012 vel

415 2048 556 2101 aliquo
593 2047 673 2087 alio
707 2047 773 2088 die
802 2045 1084 2087 hebdomadae
1118 2046 1162 2087 in
1193 2045 1385 2101 Collegio
1420 2053 1566 2086 nostro
1595 2045 1778 2100 aliquem

414 2138 464 2162 ex
499 2121 646 2175 quavis
677 2122 839 2173 Classe,
870 2121 1040 2161 Artium
1080 2136 1127 2161 ac
1158 2120 1403 2176 Theologiae
1440 2120 1729 2161 studiosorum
1758 2121 1780 2160 a

418 2198 595 2236 Rectore
619 2196 890 2250 designatum
915 2196 937 2235 a
960 2195 1137 2249 prandio
1165 2195 1214 2246 (si
1238 2195 1378 2249 aliqua
1410 2211 1460 2236 ex
1492 2209 1619 2236 causa
1649 2209 1779 2250 pecu-

412 2270 503 2310 liari
544 2270 901 2324 impedimentum
945 2284 1030 2309 uon
1074 2269 1297 2321 accideret)
1344 2269 1505 2324 aliquas
1546 2268 1779 2324 positiones

412 2345 595 2385 tuendas
623 2344 866 2398 suscipere3
913 2358 1008 2398 quae
1043 2342 1177 2397 pridie
1207 2343 1297 2397 ejus
1335 2344 1416 2383 diei
1446 2344 1526 2384 sub
1553 2358 1778 2398 vesperum

413 2418 545 2460 valvis
570 2418 821 2459 scholarum
849 2418 950 2472 (quo
983 2417 1035 2457 ad
1067 2417 1375 2472 disputandum
1408 2418 1473 2458 vel
1505 2417 1779 2467 audiendum,

414 2493 487 2547 qui
508 2492 680 2542 vellent,
702 2491 994 2543 convenirent)
1021 2500 1160 2531 essent
1185 2492 1432 2546 affigendae3
1465 2491 1622 2546 quibus
1643 2491 1779 2532 brevi-

413 2574 478 2608 ter
499 2568 552 2608 ab
575 2582 638 2618 eo,
667 2567 741 2621 qui
772 2581 1057 2622 responsurus
1089 2574 1168 2617 est,
1191 2567 1468 2618 confirmatis,
1491 2565 1779 2622 argumentari

415 2655 465 2681 ex
488 2641 735 2682 domesticis
756 2641 823 2682 vel
845 2640 1030 2682 externis
1052 2640 1176 2681 liceat
1205 2640 1446 2696 cuicunque
1477 2640 1672 2681 libuerit:
1705 2639 1780 2679 ali-

415 2715 511 2769 quis
534 2723 676 2756 tamen
699 2715 846 2770 praesit
868 2722 1051 2771 oportet,
1074 2715 1147 2770 qui
1175 2722 1524 2769 argumentantes
1546 2714 1715 2768 dirigat,
1737 2722 1777 2754 et

416 2803 466 2829 ex
503 2803 551 2829 ea
594 2790 910 2831 concertatione
954 2789 1091 2829 eliciat
1126 2789 1394 2842 declaretque
1432 2789 1484 2829 ad
1513 2788 1778 2829 audientium
