1987 3374
493 555 885 622 QUINTA
951 554 1227 626 PAR&

172 682 222 723 (Ze
243 683 312 734 iis,
335 696 423 736 qua?
444 684 502 723 ad
521 684 822 724 admittendum
844 685 888 723 in
910 697 1060 736 corpus
1083 683 1311 724 Societatz's
1328 683 1553 735 pertinenl.

272 915 334 942 DE
359 914 681 952 ADMISSIONE,
705 914 765 941 ET
789 914 917 951 QUIS,
942 914 1000 940 ΕΤ
1025 913 1230 944 QUANDO
1255 913 1452 941 DEBEAT

705 988 1014 1014 ADMITTERE.

774 1065 904 1106 CAP.
938 1065 974 1106 I.

167 1163 186 1199 1
224 1157 423 1323 QUI
445 1157 491 1198 in
515 1157 743 1208 Societate,
761 1165 975 1212 quantum
998 1156 1102 1197 satis
1124 1161 1203 1208 est,
1219 1154 1391 1211 probati
1411 1154 1603 1207 fuerunt,

353 1240 396 1274 et
418 1232 571 1274 tandiu
595 1240 645 1274 ut
674 1232 879 1287 utrinque
911 1231 1094 1286 intelligi
1117 1231 1210 1286 jam
1241 1230 1394 1286 possit,
1421 1245 1527 1271 num
1558 1230 1602 1271 in

360 1308 511 1349 eadem
532 1322 705 1348 manere
729 1307 782 1348 ad
803 1306 944 1362 majus
966 1306 1052 1348 Dei
1073 1305 1331 1360 obsequium
1353 1313 1396 1346 et
1424 1305 1603 1360 gloriam

225 1383 479 1435 conveniat3
526 1382 699 1423 admitti
725 1382 900 1434 debent,
931 1396 1035 1433 non,
1066 1388 1116 1422 ut
1146 1381 1282 1436 prius,
1311 1381 1365 1422 ad
1386 1381 1605 1436 probatio-

226 1474 341 1511 nem,
378 1459 455 1499 sed
495 1458 624 1500 modo
665 1457 803 1513 magis
845 1457 1030 1509 interno,
1066 1461 1116 1497 ut
1155 1456 1351 1497 membra
1390 1455 1520 1497 unius
1557 1471 1605 1497 ac

227 1533 423 1589 ejusdem
445 1532 636 1589 corporis
661 1531 901 1574 Societatis.
966 1530 1235 1587 Hujusmodi
1260 1534 1404 1572 autem
1437 1538 1540 1571 sunt
1562 1530 1606 1571 in

226 1608 393 1664 primis,
416 1607 491 1662 qui
512 1607 567 1648 ad
587 1606 916 1662 professionem,
937 1605 1005 1646 vel
1026 1605 1071 1646 in
1095 1605 1379 1661 Coadjutores
1400 1605 1607 1646 formatos

227 1683 532 1723 admittuntur.
607 1681 693 1723 Sed
744 1680 845 1735 quia
896 1679 1151 1721 Scholastici
1203 1679 1429 1734 approbati
1480 1679 1607 1720 etiam

227 1758 357 1799 modo
389 1757 578 1812 quodam
610 1755 817 1807 interiori,
839 1755 969 1810 quam
1001 1754 1178 1795 admissi
1209 1754 1265 1795 ad
1294 1753 1609 1809 probationem,

228 1833 273 1874 in
296 1847 454 1888 eorpus
478 1831 705 1874 Societatis
738 1838 1023 1886 cooptantur3
1066 1829 1118 1870 de
1151 1844 1300 1870 eorum
1332 1843 1504 1884 quoque
1536 1830 1611 1870 ad-

229 1908 434 1950 missione
462 1907 508 1948 in
539 1907 620 1947 hae
657 1906 810 1961 quinta
842 1912 964 1961 parte
993 1904 1174 1956 dicetur,
1206 1904 1312 1959 quid
1342 1904 1387 1944 in
1419 1904 1610 1946 Domino

229 1982 549 2025 observandum
570 1981 780 2022 videatur.

234 2059 378 2100 Primo
408 2057 585 2112 quidem
616 2055 798 2096 facultas
832 2053 1091 2095 admittendi
1123 2054 1169 2095 in
1198 2067 1355 2109 corpus
1384 2052 1612 2095 Societatis

232 2148 320 2184 cos,
346 2146 454 2187 quos
489 2130 660 2171 admitti
696 2129 926 2184 oportebit,
958 2134 1092 2184 pene's
1129 2128 1221 2183 ejus
1258 2135 1388 2184 eaput
1421 2127 1527 2180 erit3
1562 2136 1612 2169 ut

234 2207 343 2250 ratio
384 2206 592 2262 postulat.
655 2205 741 2246 Sed
793 2203 895 2259 quia
948 2203 1212 2258 Praepositus
1256 2203 1481 2244 Generalis
1524 2211 1612 2244 tam

232 2282 361 2325 variis
381 2281 487 2323 loeis
509 2281 715 2322 interesse
737 2295 826 2320 non
857 2286 1031 2334 potest3
1063 2278 1155 2319 aliis
1188 2278 1240 2319 de
1274 2278 1487 2320 Societate
1519 2293 1613 2319 eam

236 2365 404 2414 partem
440 2355 572 2411 hujus
606 2354 838 2406 facultatis,
870 2368 967 2408 quae
1004 2353 1059 2393 ad
1095 2353 1229 2394 totius
1264 2353 1454 2408 corporis
1482 2353 1613 2408 hujus

233 2434 400 2474 bonum
421 2431 559 2473 faeere
580 2430 811 2481 videbitur,
833 2429 992 2485 poterit
1015 2428 1350 2470 communicare.

177 2517 186 2526 ⁹
234 2508 427 2563 Tempus
459 2506 514 2547 ad
545 2504 864 2547 admittendum
896 2503 1025 2544 modo
1058 2502 1256 2558 superius
1289 2502 1420 2553 dicto,
1441 2502 1486 2542 in
1517 2501 1614 2542 uni-

234 2599 408 2626 versum
429 2582 662 2638 loquendo,
684 2589 784 2636 post
805 2579 1030 2621 biennium
1053 2593 1144 2619 esse
1173 2577 1417 2633 oportebit3
1462 2577 1547 2618 Sed
1579 2577 1614 2617 si

238 2660 336 2715 quis
359 2659 474 2710 ante,
497 2657 626 2712 quam
649 2656 701 2697 ad
726 2655 870 2696 studia
890 2654 1150 2705 mitteretur,
1171 2653 1239 2694 vel
1270 2652 1314 2693 in
1346 2652 1508 2693 eisdem
1540 2652 1614 2692 diu

235 2734 446 2791 probatus
475 2732 641 2783 suisset,
668 2738 767 2787 post
800 2730 872 2771 illa
906 2730 1116 2780 absoluta,
1155 2728 1188 2769 si
1219 2728 1274 2769 ad
1303 2727 1614 2783 professionem

236 2817 301 2851 est
345 2807 656 2858 admittendus,
699 2806 917 2861 integrum
959 2804 1099 2846 adhue
1142 2802 1409 2858 probationis
1453 2816 1613 2844 annum
