2004 3294
375 304 426 339 26

381 1463 430 1498 16

384 1977 431 2024 l7

872 314 1305 342 CONSTITUTIONI'M

460 422 596 463 minas
631 437 717 463 non
759 424 923 479 ingredi
966 425 1115 466 domos
1158 432 1340 475 nostras,
1383 439 1460 465 nee
1504 423 1710 478 Collegia,
1750 424 1826 465 sed

460 504 630 538 tantum
652 498 865 549 ecelesias,
887 507 929 539 et
961 513 1076 539 arma
1107 499 1225 539 nulla
1256 513 1334 539 nee
1367 498 1655 539 instrumenta
1681 512 1824 539 rerum

459 586 664 612 vanarum
696 572 811 612 domi
838 572 1014 623 haberi3
1051 573 1127 613 sed
1155 580 1324 613 tantum
1361 587 1423 622 ea,
1455 587 1551 626 quae
1582 572 1745 612 faciunt
1773 572 1825 611 ad

462 645 590 685 finem
622 645 742 685 illum
774 645 906 685 divini
937 645 1095 685 servitii
1126 653 1168 685 et
1198 645 1352 695 laudis,
1374 659 1501 698 quem
1534 645 1614 685 sibi
1642 645 1825 699 praefixit

462 718 665 759 Societas.

462 792 514 832 In
537 792 872 834 correctionibus
894 800 937 834 et
965 793 1229 848 poenitentiis
1257 792 1535 848 injungendis
1567 792 1641 847 qui
1672 791 1829 833 modus

459 867 594 907 teneri
626 867 794 918 debeat,
826 867 1031 922 prudenti
1067 868 1264 909 charitati
1299 867 1555 922 Superioris,
1583 875 1625 908 et
1665 881 1828 917 eorum,

460 955 569 995 quos
591 940 671 981 sibi
695 941 979 992 substituerit,
1007 941 1273 996 relinquetur
1289 958 1300 992 3
1342 941 1415 995 qui
1448 940 1489 980 in
1529 940 1588 981 eis
1616 939 1828 981 rationem

461 1014 683 1055 habebunt
706 1014 998 1070 dispositionis
1019 1029 1315 1070 personarum,
1337 1022 1379 1055 et
1410 1013 1707 1055 aedificationis
1733 1013 1830 1053 uni-

461 1089 634 1130 versalis
668 1097 710 1130 et
742 1089 1010 1144 particularis
1047 1104 1192 1130 earum
1229 1089 1283 1129 ad
1319 1088 1496 1143 gloriam
1530 1088 1628 1129 Dei.
1689 1086 1830 1128 Poeni-

461 1163 616 1204 tentias
644 1178 743 1205 vero
771 1163 1020 1218 hujusmodi
1048 1171 1250 1219 prompta
1285 1162 1505 1203 voluntate
1539 1161 1719 1216 quisque
1756 1161 1831 1202 ad—

461 1237 629 1279 mittere
671 1238 845 1280 deberet
887 1253 986 1279 eum
1027 1252 1126 1278 vero
1168 1236 1479 1278 emendationis
1520 1242 1563 1277 et
1599 1235 1831 1291 spiritualis

461 1313 679 1365 profectus
713 1312 921 1353 desiderio
939 1329 950 1363 3
994 1312 1122 1353 etiam
1165 1311 1199 1351 si
1241 1318 1418 1365 propter
1453 1310 1668 1350 defectum
1705 1309 1832 1364 eulpa

461 1392 685 1426 vacantem
707 1385 1050 1441 injungerentur.

464 1459 694 1514 Syndieus,
735 1459 802 1501 vel
841 1474 995 1504 ‚censor
1045 1459 1161 1500 domi
1213 1458 1534 1500 constituatur:
1586 1457 1711 1512 eujus
1752 1457 1832 1498 erit

461 1533 662 1584 officium,
691 1533 914 1574 observare
942 1533 987 1574 in
1024 1533 1224 1574 omnibus
1253 1532 1371 1587 quod
1401 1532 1455 1573 ad
1491 1532 1762 1572 honestatem
1789 1538 1833 1572 et

463 1607 702 1648 decentiam
729 1615 948 1648 externam
977 1606 1178 1662 pertinet,
1207 1606 1430 1647 ecelesiam
1458 1614 1501 1646 et
1529 1605 1705 1646 domurn
1735 1618 1832 1660 per-

462 1680 700 1732 lustrando,
734 1688 777 1721 et
813 1681 954 1735 siquid
985 1695 1073 1721 non
1107 1679 1348 1730 conveniat,
1380 1679 1642 1729 adnotando,
1678 1685 1721 1719 et
1751 1678 1833 1719 Su-

462 1754 616 1808 periori
642 1755 878 1806 referendo,
911 1754 977 1795 vel
1010 1754 1210 1804 eundem,
1244 1753 1317 1807 qui
1351 1761 1475 1803 errat,
1504 1752 1833 1794 commonefaci-

464 1828 607 1868 endo:
656 1828 690 1868 si
732 1828 775 1868 id
816 1827 1032 1869 facultatis
1073 1827 1126 1878 ei,
1168 1832 1216 1867 ut
1255 1826 1404 1868 utilius
1446 1827 1488 1866 in
1528 1826 1718 1867 Domino
1754 1841 1832 1867 suo

463 1903 670 1957 fungatur
691 1902 844 1953 officio,
866 1902 1093 1943 tribuetur.

466 1976 631 2017 Curent
653 1991 802 2017 omnes
824 1991 875 2017 ex
903 1975 1063 2016 morbis
1095 1975 1299 2030 corporis,
1321 1975 1419 2015 esim
1451 1974 1699 2025 acciderint,
1719 1974 1832 2015 fruc-

464 2055 557 2091 tum
599 2050 784 2104 aliquem
827 2064 976 2104 capere
1015 2064 1101 2089 non
1137 2048 1275 2090 solnm
1317 2048 1372 2089 ad
1414 2062 1550 2099 suam,
1592 2047 1668 2089 sed
1703 2047 1832 2088 etiam

465 2124 642 2164 aliorum
679 2123 1022 2173 aedificationem,
1074 2138 1160 2163 non
1209 2122 1482 2177 impatientes
1528 2130 1603 2163 aut
1641 2136 1834 2163 morosos

467 2212 510 2238 se
551 2197 807 2248 exhibendo,
845 2197 919 2237 sed
967 2197 1111 2252 potius
1156 2196 1408 2250 patientiam
1449 2184 1592 2237 veram
1634 2194 1834 2236 habendo

467 2271 660 2323 interius,
702 2279 744 2312 et
786 2271 971 2312 exterius
1014 2285 1101 2326 prae
1144 2285 1188 2310 se
1226 2270 1416 2321 ferendo,
1457 2284 1506 2310 ae
1547 2268 1834 2310 obedientiam

467 2346 645 2396 medico,
667 2352 709 2386 et
731 2346 998 2386 infirmorum
1021 2344 1223 2400 praeseeto
1246 2345 1506 2399 praestando,
1527 2343 1668 2385 verbis
1689 2342 1771 2398 piis
1793 2350 1835 2384 et

467 2419 792 2460 [edificationem
825 2419 1080 2460 facientibus
1112 2418 1288 2468 utendo,
1320 2433 1416 2472 quae
1451 2417 1682 2459 ostendant
1713 2416 1836 2472 aegri-

472 2494 666 2534 tudinem
689 2499 738 2534 ut
759 2494 923 2535 donum
945 2493 997 2533 de
1020 2507 1150 2533 manu
1174 2492 1389 2533 Creatoris
1421 2506 1469 2532 ac
1492 2491 1669 2532 Domini
1702 2491 1836 2532 nostri

463 2567 827 2622 (quandoquidem
850 2582 935 2608 non
959 2567 1134 2607 inferius
1156 2574 1219 2607 est
1243 2566 1440 2619 sanitate)
1466 2564 1648 2606 admitti.

392 2648 436 2682 {S
474 2641 592 2682 Idem
630 2642 861 2696 sapiamus,
898 2641 1025 2692 idern,
1063 2640 1298 2695 quoadejus
1333 2641 1422 2681 fieri
1458 2639 1610 2695 possit,
1643 2638 1834 2679 dicamus

471 2730 633 2765 omnes,
670 2714 795 2768 juxta
833 2715 1104 2770 Apostolum.
1166 2716 1376 2755 Doctrina·
1413 2715 1544 2767 iyitm·
1576 2713 1834 2752 dissonantes

474 2804 548 2829 non
588 2790 865 2829 fulminatum·
900 2804 971 2830 nec
1004 2789 1123 2829 verbo
1162 2790 1201 2828 in
1240 2788 1499 2829 concionibus
1532 2786 1726 2839 publicis,
1763 2798 1834 2825 nec
