2004 3294
321 286 374 321 96

357 1454 380 1489 [Ο

826 293 1183 321 CONSTITUTION
1193 294 1261 321 [ΖΜ

411 405 647 446 Provinciae
677 405 785 446 duos
819 420 870 445 ex
902 420 950 446 ea
987 406 1140 461 eligere
1169 406 1327 461 poterit
1363 421 1441 461 pro
1468 406 1644 447 arbitrio
1671 406 1787 447 Prae-

408 480 540 534 positi
564 480 787 521 Generalis
803 497 813 531 3
852 480 974 534 cujus
1007 480 1085 521 erit
1118 496 1195 535 pro
1219 481 1538 522 occurrentium
1561 496 1787 522 causarum

408 553 572 595 ratione
605 554 879 604 constituere,
914 569 1019 594 num
1057 564 1295 595 conventus
1329 555 1606 596 Provincialis
1636 555 1788 610 hujus-

408 629 525 669 modi
559 629 613 669 ad
651 629 836 669 duorum
869 627 1041 668 illorum
1079 627 1333 668 electionem
1374 629 1430 669 sit
1464 630 1698 684 cogendus,
1732 644 1787 670 an

410 702 688 744 provincialis
721 702 811 742 sine
844 709 1063 742 conventu
1093 716 1164 742 eos
1194 702 1354 743 debent
1387 702 1557 757 eligere,
1587 711 1719 758 prout
1750 703 1788 744 ei

409 777 625 818 videbitur
655 777 701 817 in
730 775 921 817 Domino
963 775 1177 830 expedire.
1241 776 1324 816 His
1362 776 1501 817 tribus
1539 791 1638 817 suas
1673 777 1788 818 vices

410 860 502 893 tota
525 850 751 892 Provincia
773 849 1029 901 committet,
1051 855 1094 890 et
1116 849 1323 904 quicquid
1353 865 1378 890 a
1409 855 1626 891 conventu
1656 865 1789 905 gene-

408 927 500 977 rali,
553 926 622 967 cui
672 925 756 981 ipsi
806 924 1093 975 interfuerint,
1136 924 1423 965 constitutum
1463 924 1606 976 fuerit,
1646 931 1788 965 ratum

408 1000 600 1041 habebit.
665 999 797 1042 Quod
834 998 869 1039 si
902 1007 1059 1054 praeter
1095 999 1203 1039 duos
1238 999 1410 1050 eleetos,
1442 998 1653 1053 quosdam
1684 998 1788 1039 alios

412 1076 679 1131 Praepositus
716 1074 940 1115 Generalis
975 1074 1233 1129 designaret,
1275 1074 1343 1115 vel
1377 1074 1642 1129 Praepositus
1685 1074 1790 1115 Pro-

409 1150 603 1191 vincialis
646 1149 922 1189 adducendos
958 1148 1199 1203 judicaret3
1246 1148 1394 1188 eadem
1432 1148 1511 1188 erit
1542 1148 1714 1199 horum,
1747 1155 1790 1188 et

412 1225 592 1266 aliorum
622 1225 745 1265 ratio.
809 1224 895 1264 Sed
932 1223 967 1263 si
1000 1222 1278 1264 Provincialis
1309 1230 1467 1277 praeter
1497 1231 1599 1274 tres,
1622 1222 1788 1277 aliquos

411 1298 577 1354 eligerit
594 1316 605 1350 3
636 1298 799 1353 plures,
822 1297 951 1351 quam
974 1297 1097 1347 duos,
1120 1296 1301 1351 adjicere
1333 1311 1422 1337 non
1452 1296 1625 1351 poterit,
1646 1296 1720 1349 ita,
1742 1304 1790 1337 ut

413 1373 466 1414 ad
490 1387 710 1413 summum
733 1372 924 1426 quinque
947 1385 999 1411 ex
1020 1385 1108 1411 una
1131 1369 1356 1411 Provincia
1376 1369 1567 1411 veniant„

415 1449 483 1489 Ex
508 1447 730 1498 Professis,
754 1446 827 1501 qui
852 1445 1190 1501 Congregationi
1211 1445 1467 1497 intererunt,
1488 1444 1790 1500 unusquisque

414 1522 666 1577 suffragium
698 1521 891 1571 unicum,
924 1520 1040 1561 solus
1075 1519 1299 1561 Generalis
1331 1519 1416 1560 duo
1453 1519 1643 1561 habebit.
1705 1519 1792 1561 Sed

414 1599 449 1639 si
480 1612 686 1639 numerus
718 1611 796 1652 par
832 1603 958 1647 esset,
995 1594 1272 1636 provincialis
1308 1594 1484 1649 reliquis
1509 1595 1788 1650 praeferetur:

415 1682 458 1715 et
481 1673 516 1714 si
537 1673 650 1713 inter
671 1672 788 1726 ipsos
813 1670 1101 1711 Provinciales
1125 1678 1237 1710 esset
1268 1669 1456 1724 paritas3
1497 1684 1597 1724 pars
1628 1669 1713 1719 illa,
1745 1669 1790 1709 in

415 1763 544 1803 quam
569 1745 831 1801 Praepositus
856 1744 1094 1795 Generalis,
1115 1743 1183 1784 vel
1208 1743 1259 1798 (si
1279 1743 1316 1784 is
1338 1758 1359 1784 e
1381 1742 1487 1784 vivis
1519 1743 1786 1796 excessisset)

414 1823 550 1878 ipsius
585 1820 782 1861 Vicarius
814 1818 1052 1868 inclinabit,
1090 1826 1202 1858 esset
1237 1817 1516 1873 praeferenda.
1580 1817 1644 1858 Ut
1673 1817 1789 1858 enim

414 1897 496 1938 illis
518 1895 656 1950 magis
679 1902 743 1935 est
766 1893 1054 1934 necessarium
1077 1892 1232 1932 divinae
1254 1891 1402 1946 gratiae
1425 1891 1631 1932 auxilium
1658 1906 1791 1946 prop—

415 1980 481 2012 ter
501 1984 676 2020 munus,
704 1968 821 2023 quod
846 1975 1028 2022 gerunt3
1070 1966 1130 2006 ita
1161 1966 1421 2021 sperandum
1453 1974 1532 2016 est,
1564 1966 1710 2006 Deum
1741 1980 1789 2006 ac

416 2045 657 2088 Dominum
679 2050 876 2084 nostrum
898 2041 1072 2082 uberius
1094 2041 1138 2082 id
1160 2041 1258 2092 illis,
1279 2049 1329 2081 ut
1351 2040 1540 2081 sentiant
1570 2047 1613 2081 et
1644 2039 1789 2081 dicant

415 2137 512 2176 quae
535 2121 589 2161 ad
610 2119 745 2175 ipsius
768 2117 946 2174 gloriam
968 2116 1140 2167 faciant,
1161 2115 1431 2171 largiturum.

418 2329 484 2355 AD
509 2327 647 2358 QUEM
673 2325 882 2353 SPECTET
906 2322 1365 2351 CONGREGATIONEM
1391 2322 1699 2350 GENERALEM

930 2397 1186 2425 INDICERE.

942 2476 1072 2516 CAP.
1106 2474 1184 2515 IV.

419 2564 481 2605 Cf]
490 2578 523 2604 M
549 2563 604 2603 ad
625 2560 871 2616 eligendum
894 2572 1055 2599 novum
1080 2557 1381 2611 Praepositum,
1397 2556 1537 2612 priore
1559 2556 1647 2597 zita
1666 2555 1789 2596 func-

417 2646 476 2689 to,
510 2641 775 2677 conventura
811 2642 876 2674 est
911 2631 1125 2673 Societas:
1170 2646 1283 2671 unus
1320 2645 1371 2671 ex
1406 2629 1628 2681 Professis,
1661 2643 1789 2683 quem

420 2727 545 2753 suum
580 2712 623 2751 in
655 2711 736 2751 hac
774 2717 894 2765 parte
927 2706 1147 2747 vicarium
1182 2714 1280 2746 ante
1314 2713 1496 2746 mortem
1527 2704 1790 2759 Praepositus

419 2784 718 2836 nominaverit,
734 2784 838 2825 alios
861 2783 912 2824 de
936 2795 1104 2823 summa
1125 2779 1185 2821 rei
1207 2779 1407 2821 certiores
1429 2778 1647 2820 faciendos
1669 2793 1792 2819 cura-
