1987 3374
178 759 196 794 1

175 1431 199 1466 [0

732 338 854 366 PARS
889 338 1041 367 NONA.
1536 329 1615 376 117

212 510 275 536 DE
300 509 380 546 IIS,
403 508 514 538 QUAE
538 508 737 536 JUVARE
763 507 1026 536 POTERUNT
1052 507 1378 536 PRAEPOSITUM
1405 509 1561 537 GENE-

342 584 533 621 RALEM,
558 584 621 611 UT
646 583 736 611 SUO
761 583 958 611 OFFICIO
984 584 1116 610 BENE
1143 584 1430 612 FUNGATUR.

765 661 896 702 CAP.
929 661 1008 702 VI.

234 753 340 795 Cim
377 754 602 809 proprium
639 754 863 796 Generalis
907 754 1096 794 officium
1138 769 1224 795 non
1269 755 1323 795 sit
1359 755 1620 807 concionari,

234 843 314 869 nec
347 828 639 869 confessiones
671 828 832 878 audire,
866 843 944 868 nec
974 828 1055 868 alia
1086 827 1336 883 hujusmodi
1373 829 1432 883 (in
1461 830 1620 884 quibus

232 910 379 944 tamen
400 903 486 954 ille,
508 909 558 943 ut
579 903 850 958 particularis
872 918 1071 957 persona,
1085 903 1264 953 videbit,
1287 904 1393 958 quid
1414 914 1619 959 praestare

232 977 385 1032 possit,
408 977 507 1017 cum
530 977 568 1017 ei
589 992 667 1032 per
689 976 791 1017 alias
824 976 1130 1032 occupationes
1163 977 1291 1017 officii
1324 979 1390 1018 sui
1421 979 1618 1033 proprias

230 1051 392 1102 licebit,
425 1059 468 1092 et
504 1065 593 1091 non
631 1050 766 1104 aliter)
814 1050 890 1091 sed
922 1050 983 1091 ita
1019 1065 1165 1105 regere
1199 1051 1450 1092 universum
1485 1053 1618 1108 hujus

232 1125 460 1167 Societatis
489 1141 661 1181 corpus,
693 1133 743 1165 ut
775 1133 1066 1176 conservetur,
1095 1133 1137 1166 et
1166 1126 1304 1180 gratia
1334 1127 1479 1168 divina
1506 1129 1620 1183 aspi-

232 1208 353 1241 rante
382 1200 428 1241 in
455 1200 570 1241 bono
598 1215 675 1241 suo
706 1205 837 1250 statu,
867 1208 909 1240 et
940 1200 1069 1241 modo
1098 1201 1362 1255 procedendi
1389 1202 1443 1242 ad
1470 1203 1555 1243 Dei
1578 1212 1620 1244 et

235 1276 417 1317 Domini
438 1275 576 1317 nostri
599 1275 779 1330 gloriam
802 1267 983 1327 crescat,
1004 1276 1057 1317 ad
1081 1291 1210 1330 quem
1234 1277 1315 1318 sibi
1343 1278 1618 1332 propositum

232 1350 366 1391 finem
388 1365 467 1390 sua
486 1354 701 1404 potestate
724 1350 789 1390 uti
811 1349 954 1390 debet.

235 1426 397 1467 Praeter
428 1426 542 1466 dona
571 1425 644 1465 illa
668 1425 944 1480 perfectionis
974 1440 1143 1480 magnae
1176 1426 1426 1482 spiritualis,
1459 1442 1507 1468 ac
1535 1428 1621 1469 vir-

234 1508 395 1552 tutum,
417 1500 470 1541 de
492 1499 650 1554 quibus
674 1500 864 1540 secundo
887 1500 1026 1555 capite
1050 1500 1215 1541 dictum
1239 1510 1318 1553 est,
1340 1502 1466 1543 bonis
1489 1502 1619 1543 etiam

231 1575 442 1616 ministris
480 1574 535 1615 ad
568 1588 749 1615 munera
782 1574 1059 1629 particularia
1092 1575 1293 1616 obeunda
1327 1591 1437 1631 opus
1474 1577 1621 1620 habet.

233 1650 431 1694 Quanvis
455 1650 571 1691 enim
594 1664 671 1704 per
693 1664 738 1690 se
760 1649 906 1704 ipsum
929 1650 1162 1704 aliquando
1186 1652 1240 1692 ad
1271 1651 1344 1692 illa
1375 1667 1419 1693 se
1451 1661 1591 1694 vertat
1608 1670 1621 1704 3

230 1725 388 1766 habeat
425 1732 572 1765 tamen
612 1738 787 1764 necesse
832 1731 897 1764 est
933 1724 1195 1779 Praepositos
1232 1725 1454 1767 inferiores
1497 1728 1621 1781 (quos

229 1799 344 1841 viros
381 1799 563 1840 selectos
600 1813 693 1839 esse
735 1799 922 1854 oportet)
969 1799 1128 1853 quibus
1165 1800 1354 1841 multum
1391 1802 1621 1856 potestatis

233 1875 443 1927 conferre,
466 1882 509 1916 et
530 1874 784 1930 hujusmodi
804 1889 873 1915 res
895 1874 1177 1929 particulares
1200 1876 1287 1917 fere
1311 1891 1482 1932 semper
1504 1893 1622 1918 com-

231 1950 402 1991 mittere
423 1949 576 2005 possit.
638 1948 749 2002 Ejus
772 1956 918 1989 autem
941 1949 1128 1990 crebrior
1150 1951 1484 1992 communicatio
1506 1951 1620 1993 inter

236 2023 500 2079 Praepositos
536 2022 759 2063 inferiores
794 2037 894 2063 cum
930 2023 1271 2065 Provincialibus
1314 2025 1419 2076 erit3
1463 2026 1620 2067 horum

234 2105 380 2139 autem
403 2111 503 2137 cum
526 2096 801 2147 Rectoribus,
815 2104 859 2137 et
882 2096 1131 2152 Praepositis
1153 2098 1377 2150 localibus,
1394 2107 1443 2140 ut
1465 2100 1620 2141 melius

239 2171 536 2214 subordinatio
578 2176 869 2212 conservetur.
931 2171 1178 2226 Aliquando
1210 2181 1355 2214 tamen
1395 2173 1621 2216 Generalis

230 2248 378 2289 velut
412 2246 653 2302 pleniorem
693 2261 837 2287 rerum
874 2245 1070 2287 omnium
1113 2248 1312 2289 notitiam
1346 2248 1518 2301 habeat,
1552 2250 1620 2291 vel

232 2327 411 2378 propter
441 2321 536 2373 alia,
571 2336 667 2376 quae
696 2320 855 2376 saepius
892 2320 1083 2362 accidere
1118 2322 1272 2374 solent,
1301 2323 1485 2378 ipsemet
1517 2339 1617 2365 cum

233 2397 507 2448 Rectoribus,
549 2402 592 2438 et
634 2396 884 2452 Praepositis
931 2396 1154 2448 localibus,
1197 2403 1239 2438 et
1280 2399 1614 2453 particularibus

231 2473 362 2515 etiam
383 2472 579 2528 personis
610 2480 722 2528 aget,
745 2473 1005 2526 eosdemque
1038 2472 1232 2520 consilio,
1263 2475 1615 2529 reprehensione,

231 2556 289 2600 et,
318 2548 354 2589 si
385 2563 495 2603 opus
527 2555 607 2599 est,
646 2547 908 2589 correctione
953 2547 1106 2602 juvare
1149 2548 1350 2600 studeat3
1405 2550 1614 2592 Quando-

231 2622 407 2678 quidem
436 2622 528 2678 ejus
558 2629 624 2663 est
654 2637 830 2673 munus,
862 2621 1056 2663 defectus
1080 2622 1418 2677 Praepositorum
1440 2623 1614 2665 inferio-

235 2712 333 2738 rum
362 2697 578 2752 supplere,
601 2711 648 2737 ac
680 2711 781 2737 cum
812 2696 956 2737 divino
988 2697 1130 2737 favore
1161 2704 1204 2737 et
1235 2697 1392 2738 auxilio
1424 2699 1541 2752 quod
1571 2699 1616 2741 in

234 2774 341 2830 ipsis
363 2774 605 2829 perfectum
627 2788 714 2814 non
736 2781 816 2825 est,
837 2773 891 2814 ad
913 2772 1221 2828 perfectionem
1243 2773 1491 2828 perducere.

174 2854 199 2890 3
232 2849 304 2901 Ad
325 2848 469 2890 omnia
490 2848 620 2890 etiam
652 2848 856 2899 conferet,
889 2847 925 2888 si
949 2847 1173 2889 Generalis
1205 2847 1368 2889 litteras
1390 2848 1611 2904 Apostoli-

874 2936 889 2962 1
