1987 3374
751 338 872 365 PARS
908 337 1060 366 NONA.
1557 335 1637 370 119

255 461 311 488 na
340 461 392 488 ex
422 452 544 502 parte
581 462 634 488 ex
666 447 734 488 his
766 454 809 488 et
846 448 1056 490 localibus
1088 450 1247 491 bonam
1279 451 1638 506 gubernationem

255 520 482 563 Societatis
504 522 707 577 pendere.
770 522 883 564 Cum
906 531 1051 564 autem
1078 523 1139 564 illi
1171 524 1277 566 tales
1299 525 1490 578 fuerint3
1520 528 1640 569 labo-

253 610 346 638 rem
368 610 468 637 cum
490 596 573 637 illis
595 596 640 637 in
672 597 816 650 rebus,
839 612 936 653 quae
967 598 1013 639 id
1043 599 1285 654 patiuntiu,
1318 600 1565 653 dividendo,
1597 608 1640 643 et

255 671 308 712 de
330 670 533 713 omnibus
555 671 824 727 gravioribus
853 672 1079 714 certiorem
1112 689 1156 715 se
1188 674 1280 716 fieri
1311 676 1518 728 curando,
1539 676 1639 732 plus

256 745 348 797 otii,
384 761 433 787 ac
468 746 678 802 temporis
704 746 785 788 sibi
820 747 1034 800 relictum,
1071 756 1120 790 ut
1156 749 1285 790 rebus
1319 750 1636 792 universalibus

256 828 395 872 vacet,
438 835 536 876 quae
578 821 695 862 solus
737 821 830 877 ipse
873 822 991 863 obire
1032 831 1192 878 potest,
1239 824 1466 880 intelliget.
1537 826 1640 867 Plus

257 895 387 936 etiam
420 895 531 936 lucis
565 896 620 936 ad
653 895 1020 951 perspiciendum,
1053 897 1159 951 quid
1190 897 1236 938 in
1267 898 1351 939 illis
1383 899 1497 940 facto
1529 915 1639 955 opus

256 969 326 1021 sit,
363 984 407 1011 se
449 969 606 1011 habere
649 970 927 1026 experietur3
980 971 1016 1012 si
1060 972 1198 1027 ipsius
1240 972 1487 1014 intellectus
1530 989 1639 1027 eam,

256 1058 343 1098 qua
370 1043 557 1085 donatus
590 1052 670 1096 est,
693 1059 745 1085 ex
770 1051 892 1100 parte
919 1059 1008 1086 non
1040 1045 1231 1087 amiserit
1248 1064 1259 1097 3
1297 1054 1347 1088 ut
1378 1047 1439 1088 eis
1470 1048 1640 1100 accidit,

254 1118 330 1173 qui
350 1118 450 1174 plus
472 1133 598 1174 aequo
626 1119 671 1160 in
702 1119 831 1161 rebus
862 1119 1212 1176 particularibus,
1235 1135 1283 1162 ac
1315 1121 1481 1177 exiguis
1513 1137 1641 1164 occu-

253 1200 440 1249 pantur:
473 1194 589 1235 unde
612 1194 800 1250 opprimi
821 1202 864 1236 et
887 1194 1067 1236 debilior
1095 1196 1218 1237 reddi
1248 1196 1495 1238 intellectus
1528 1197 1640 1239 acies

256 1269 311 1310 ad
331 1284 398 1310 res
420 1269 686 1311 universales
708 1269 1034 1325 perspiciendas
1057 1271 1179 1312 solet.

199 1345 221 1393 7
255 1344 350 1385 Nec
382 1344 523 1386 solum
547 1344 812 1400 Praepositus
837 1344 1062 1386 Generalis
1085 1346 1139 1386 ad
1170 1360 1237 1386 res
1268 1345 1549 1400 particulares
1576 1348 1639 1401 (ut

257 1420 424 1462 dictum
447 1422 528 1475 est)
554 1421 764 1462 ministris
787 1436 897 1476 opus
919 1421 1078 1472 habet3
1117 1422 1193 1462 sed
1224 1421 1353 1463 etiam
1386 1423 1440 1463 ad
1471 1423 1643 1465 univer—

257 1495 381 1547 sales,
404 1503 447 1537 et
470 1495 537 1537 sui
558 1495 688 1537 officii
709 1495 922 1551 proprias,
938 1503 988 1536 ut
1010 1495 1070 1536 eis
1092 1495 1202 1537 bene
1225 1511 1273 1537 ac
1297 1497 1485 1538 suaviter
1505 1499 1645 1553 possit

255 1569 514 1612 satisfacere.
577 1570 750 1611 Habeat
791 1570 924 1625 igitur
966 1585 1140 1611 necesse
1183 1579 1263 1622 est,
1301 1571 1374 1626 qui
1415 1572 1554 1613 multa
1594 1573 1639 1613 in

255 1645 508 1687 memoriam
529 1646 793 1697 reducendo,
816 1646 871 1686 ad
893 1645 1229 1687 sollicitudinem
1252 1648 1433 1688 curandi
1463 1663 1530 1689 res
1553 1656 1642 1689 tam

255 1720 416 1761 multas
438 1720 568 1761 officii
591 1720 673 1771 sui,
697 1720 771 1775 qui
803 1719 934 1761 etiam
967 1720 1146 1761 consilio
1179 1721 1234 1761 ad
1265 1735 1335 1762 eas
1367 1721 1644 1775 ordinandas,

256 1795 434 1836 demum
456 1794 532 1850 qui
553 1794 779 1850 diligentia
801 1809 849 1836 ac
875 1793 1020 1835 labore
1043 1795 1097 1835 ad
1120 1809 1191 1835 eas
1214 1809 1342 1850 opere
1364 1796 1644 1851 complendas

259 1869 450 1925 adjuvet.
512 1869 566 1910 Id
597 1869 713 1910 enim
746 1877 1019 1925 compertum
1052 1877 1131 1920 est,
1164 1870 1282 1924 quod
1312 1885 1392 1911 nec
1413 1870 1493 1911 viri
1514 1871 1644 1913 unius

259 1945 470 1987 memoria
503 1952 593 1986 tam
629 1944 867 1984 multarum
907 1958 1052 1984 rerum
1093 1944 1381 1985 recordationi
1418 1945 1521 1986 satis
1559 1946 1646 1996 sit3

258 2034 355 2071 nec,
385 2020 421 2060 si
451 2019 497 2060 id
527 2026 767 2073 praestaret,
803 2018 934 2059 unius
967 2017 1214 2059 intellectus
1246 2018 1301 2059 ad
1329 2019 1501 2060 easdem
1533 2019 1644 2061 bene

260 2093 612 2144 considerandas,
644 2100 687 2133 θῖ
718 2092 980 2133 ordinandas
1014 2092 1117 2133 satis
1149 2100 1287 2144 esset3
1335 2108 1430 2144 nec,
1462 2095 1645 2148 quanvis

259 2176 302 2210 et
322 2169 405 2210 hoc
426 2175 590 2224 posset,
612 2167 723 2208 vires
745 2167 874 2208 unius
898 2167 952 2208 ad
973 2167 1146 2208 easdem
1168 2168 1442 2222 exequendas
1473 2170 1642 2210 suffice-

256 2250 369 2285 rent.

201 2324 226 2361 8
258 2319 331 2361 Ad
361 2318 553 2374 primum
583 2317 692 2358 illud
723 2317 775 2358 de
807 2316 1097 2358 sollicitudine
1129 2316 1275 2357 omnia
1297 2318 1477 2358 curandi
1498 2318 1642 2374 aliquo

258 2393 457 2435 ministro
479 2392 518 2434 ei
545 2407 655 2448 opus
676 2399 741 2433 θεῖ
757 2408 770 2443 3
802 2391 877 2447 qui
899 2390 1111 2433 ordinarie
1133 2391 1251 2446 apud
1271 2391 1417 2447 ipsum
1439 2402 1612 2435 maneat
1629 2412 1641 2446 3

258 2469 334 2525 qui
374 2483 454 2524 pro
495 2467 716 2519 memoria,
751 2474 794 2508 et
830 2466 1032 2508 manibus
1068 2465 1129 2506 illi
1164 2466 1220 2507 sit
1261 2467 1316 2507 ad
1352 2467 1511 2519 omnia,
1545 2483 1641 2523 quae

259 2545 502 2596 scribenda,
523 2551 566 2586 et
587 2543 812 2585 tractanda
832 2543 1008 2594 fuerint,
1030 2557 1078 2583 ac
1101 2541 1287 2583 breviter
1314 2543 1369 2583 ad
1399 2557 1467 2584 res
1490 2558 1641 2587 omnes

257 2620 387 2662 officii
409 2620 476 2661 sui
497 2619 745 2670 obeundas3
776 2617 851 2672 qui
870 2618 1024 2659 induat
1048 2617 1276 2672 Praepositi
1306 2632 1537 2673 personam
1550 2636 1564 2671 3
1595 2628 1639 2662 et

256 2703 414 2753 praeter
434 2699 696 2751 potestatem
716 2698 860 2734 totum
882 2692 1010 2734 officii
1032 2692 1125 2748 ejus
1147 2692 1320 2747 pondus
1343 2693 1535 2736 humeris
1549 2694 1639 2737 suis

256 2770 512 2828 impositum
533 2784 626 2811 esse
648 2767 879 2810 existimet.

200 2851 226 2888 9
260 2846 348 2888 Hic
372 2844 600 2902 Praepositi
623 2842 828 2885 Minister
848 2841 913 2884 vir
934 2855 1028 2883 esse
1057 2840 1266 2884 sollicitus
1289 2848 1332 2884 et
1353 2842 1640 2895 discretionis,

883 2930 898 2957 1
922 2919 947 2956 2
