1987 3374
708 339 829 366 PARS
864 338 1106 366 SECUNDA.
1582 328 1633 365 19

202 456 225 492 8
259 449 322 492 Ut
354 448 533 490 satisfiat
564 447 655 488 aliis
685 447 946 497 domesticis,
984 455 1026 487 et
1060 446 1260 496 externis,
1290 446 1371 486 tria
1401 446 1529 487 etiam
1559 448 1634 488 ob-

259 530 495 565 serventur.

260 597 454 638 Primum
475 604 555 647 est,
576 603 625 636 ut
648 595 796 636 sedulo
819 603 1006 645 curetur,
1031 610 1082 635 ne
1106 595 1211 649 quid
1231 594 1567 649 perturbationis
1590 595 1634 635 in

257 670 436 726 alicujus
479 671 623 711 animo
671 678 848 725 propter
898 669 1192 710 dimissionem
1244 676 1430 720 maneat,
1471 669 1634 710 ratione

256 745 438 797 reddita,
460 753 671 800 quantum
694 744 797 785 satis
829 744 923 795 crit,
955 744 1112 798 quibus
1145 744 1267 784 reddi
1301 759 1410 799 opus
1439 743 1518 784 sit:
1563 743 1636 784 ab-

259 819 474 871 stinendo,
496 826 709 873 quantum
731 818 822 859 fieri
851 818 1025 873 poterit,
1048 833 1072 858 a
1103 818 1356 869 defectibus,
1379 818 1453 872 qui
1473 818 1635 873 publici

258 907 346 934 non
367 893 542 943 fuerint,
565 892 831 933 declarandis
849 908 860 942 3
893 892 1075 945 quanvis
1112 891 1155 931 in
1189 906 1252 942 eo,
1284 892 1358 945 qui
1390 892 1636 943 dimittitur,

258 966 457 1008 nonnulli
479 966 735 1022 deprehensi
756 966 954 1006 fuissent.

202 1046 227 1082 9
258 1040 485 1091 Alterum3
529 1048 577 1080 ut
615 1041 854 1090 studeatur,
880 1054 933 1080 ne
971 1039 1081 1080 male
1115 1040 1255 1080 affecti
1286 1048 1503 1091 maneant,
1539 1056 1638 1095 erga

259 1115 500 1166 dimissum,
529 1123 571 1156 et
603 1122 814 1169 quantum
844 1114 935 1155 ficri
971 1114 1123 1169 possit,
1151 1130 1203 1155 ne
1236 1115 1287 1155 de
1321 1130 1370 1156 eo
1402 1115 1511 1156 male
1541 1130 1637 1156 sen-

260 1190 398 1241 tiant3
431 1190 506 1231 sed
536 1189 682 1244 potius
714 1189 806 1244 ejus
828 1189 964 1230 vicem
989 1189 1176 1240 doleant,
1199 1198 1241 1230 et
1272 1190 1317 1230 in
1341 1190 1515 1231 Christo
1539 1206 1636 1231 eum

259 1264 455 1319 diligant,
477 1278 525 1304 ac
547 1263 703 1305 divinae
727 1263 949 1318 Majestati
971 1263 1015 1304 in
1045 1264 1133 1304 suis
1165 1264 1445 1315 orationibus,
1468 1273 1516 1306 ut
1539 1280 1637 1306 eum

261 1339 456 1394 dirigere,
488 1347 530 1379 et
561 1338 598 1378 ei
632 1338 974 1379 Misericordiam
1007 1338 1254 1393 impendere
1289 1340 1491 1394 dignetur
1522 1356 1638 1381 com-

260 1412 481 1453 mendent.

179 1492 232 1528 10
261 1486 471 1537 Tertium,
503 1494 552 1527 ut
583 1487 709 1527 detur
740 1501 882 1541 opera,
915 1495 963 1527 ut
995 1487 1086 1542 ejus
1119 1489 1315 1543 exemplo
1347 1490 1570 1544 juventur,
1603 1492 1638 1531 si

263 1560 336 1614 qui
357 1560 512 1601 minori
534 1575 633 1600 cum
664 1560 962 1611 aedificatione,
985 1562 1113 1615 quam
1145 1577 1223 1617 par
1254 1572 1365 1604 esset
1398 1564 1514 1605 domi
1546 1580 1639 1605 ver-

263 1641 440 1684 santur,
484 1641 526 1673 et
558 1634 751 1683 timeant,
781 1649 834 1674 ne
867 1634 947 1675 sibi
981 1636 1238 1676 tantundem
1271 1638 1450 1688 accidat,
1484 1638 1518 1678 si
1551 1654 1637 1679 non

261 1707 513 1748 annitantur
539 1707 759 1762 proficere.
822 1708 880 1748 Et
915 1710 1078 1749 externi
1113 1709 1277 1761 itidem,
1309 1711 1466 1764 quibus
1499 1712 1542 1751 id
1574 1712 1638 1753 in-

261 1781 465 1832 notuerit,
497 1781 826 1822 aedificationem
859 1783 1086 1838 accipiant,
1121 1785 1237 1838 quod
1270 1785 1386 1826 domi
1416 1801 1502 1826 non
1535 1787 1638 1827 tole-

260 1863 423 1906 rentur,
445 1870 552 1909 quos
576 1854 744 1896 tolerari
767 1856 821 1896 ad
844 1857 927 1897 Dei
949 1857 1128 1911 gloriam
1151 1874 1239 1899 non
1262 1860 1477 1901 convenit.

178 2087 415 2118 QUOMODO
441 2088 493 2114 SE
519 2088 682 2115 GERAT
710 2087 938 2115 SOCIETAS
964 2088 1064 2116 cun
1097 2091 1174 2126 us,
1208 2090 1292 2119 QUI
1329 2091 1420 2117 SUA
1455 2091 1637 2119 SPONTE

359 2161 703 2198 RECEDERENT,
727 2162 822 2189 VEL
848 2163 969 2192 QUOS
996 2164 1104 2190 IPSA
1130 2164 1451 2192 DIMITTERET.

787 2221 916 2263 CAP.
953 2223 1030 2263 IV.

209 2303 224 2338 1
265 2297 364 2340 QUI
387 2296 680 2347 dimittuntur,
701 2296 768 2337 vel
790 2296 942 2352 injussi
965 2298 1192 2339 discedunt
1222 2299 1274 2339 ab
1307 2299 1448 2354 aliquo
1479 2300 1572 2342 loco
1595 2302 1638 2341 in

264 2371 396 2412 alium
437 2370 629 2426 ejusdem
673 2371 914 2421 Societatis,
955 2372 1158 2413 videntur
1199 2373 1323 2415 nobis
1364 2374 1409 2415 in
1447 2376 1638 2417 Domino

265 2444 522 2486 admittendi
543 2460 629 2487 non
653 2460 760 2497 esse,
782 2446 865 2487 nisi
886 2446 1005 2502 prius
1035 2447 1108 2501 qui
1137 2447 1313 2499 dimisit,
1344 2450 1411 2489 vel
1442 2450 1515 2504 qui
1544 2451 1638 2491 loco

263 2527 434 2575 praeest,
455 2520 574 2561 unde
595 2519 786 2576 injussus
809 2521 1020 2572 discessit,
1041 2521 1107 2562 vel
1130 2521 1287 2576 alioqui
1303 2523 1541 2575 Generalis,
1564 2533 1639 2565 aut

264 2593 338 2648 qui
379 2593 470 2648 ejus
511 2594 625 2635 vices
666 2595 790 2650 gerit,
832 2596 1078 2637 admonitus
1121 2611 1248 2636 suum
1282 2597 1529 2651 praestiterit
1572 2613 1638 2638 as-

264 2681 468 2718 sensum3
521 2683 573 2708 ne
617 2668 809 2710 defectus
851 2670 1109 2725 cognitionis
1161 2685 1318 2721 rerum,
1361 2680 1435 2712 aut
1491 2687 1637 2727 perso-

263 2756 416 2782 narum
439 2741 618 2797 alicujus
641 2743 792 2785 erroris
813 2744 857 2784 in
880 2745 964 2786 Dei
986 2745 1192 2786 offensam
1215 2760 1343 2786 causa
1364 2746 1432 2787 sit.

207 2821 231 2856 2
265 2815 714 2860 Communicationem
766 2827 909 2861 autem
961 2820 1229 2871 facultatum,
1273 2829 1346 2863 aut
1388 2821 1635 2876 gratiarum,
