1987 3374
184 600 209 636 [Ο

708 333 830 358 PARS
865 332 1075 359 OCTAVA.
1567 325 1618 362 91

244 445 449 494 ditorum,
492 444 690 498 quaedam
733 459 785 484 ex
830 453 951 498 parte
995 443 1291 499 Superiorum,
1334 446 1533 499 quaedam
1576 462 1626 487 ex

243 528 527 574 utrorumque
549 519 744 574 profecta
767 519 1000 574 juvabunt.

242 595 311 636 Ex
331 603 454 650 parte
478 594 752 635 subditorum
777 594 942 649 juverit
964 609 1167 650 magnam
1200 596 1373 636 turbam
1395 596 1622 637 hominum

244 669 299 710 ad
318 669 634 725 professionem
656 684 745 711 non
767 669 938 710 admitti
955 687 966 721 3
999 685 1078 711 nec
1096 685 1394 726 quoscunque,
1410 672 1486 712 sed
1501 673 1625 713 selec-

244 750 308 786 tos
335 746 519 786 homines
541 745 670 786 etiam
701 745 814 786 inter
842 744 1126 800 Coadjutores
1148 746 1369 797 formatos,
1392 755 1467 787 aut
1490 746 1625 788 Scho-

243 820 418 862 lasticos
439 820 628 861 retineri.
691 820 936 861 Multitudo
954 821 1068 861 enim
1085 836 1244 876 magna
1257 837 1420 874 eorum,
1435 822 1509 877 qui
1524 822 1626 863 vitia

247 910 324 936 sua
345 910 434 936 non
456 895 566 936 bene
589 895 864 946 domuerint3
895 904 945 936 ut
976 896 1171 936 ordinem
1202 912 1290 937 non
1321 897 1444 948 ferre,
1465 897 1525 938 ita
1546 913 1626 939 nec

245 970 453 1012 unionem
489 977 649 1026 potest,
691 985 788 1025 quae
830 971 875 1011 in
919 971 1094 1012 Christo
1129 972 1319 1013 Domino
1355 981 1504 1014 nostro
1537 982 1626 1014 tam

243 1046 485 1088 necessaria
518 1054 598 1098 est,
632 1055 681 1087 ut
716 1046 859 1087 bonus
902 1054 1054 1099 status,
1093 1062 1141 1088 ac
1175 1048 1438 1102 procedendi
1470 1049 1626 1089 modus

243 1121 376 1177 hujus
400 1121 628 1163 Societatis
651 1130 943 1163 conservetur.

245 1197 307 1238 Et
327 1197 429 1252 quia
449 1196 702 1252 hujusmodi
723 1198 828 1238 unio
856 1212 1015 1253 magna
1046 1213 1098 1238 ex
1128 1206 1249 1253 parte
1280 1213 1358 1253 per
1389 1199 1627 1240 obedientia?

245 1275 456 1314 vinculum
477 1273 706 1314 conficitur
722 1290 734 1324 3
765 1273 859 1314 haec
889 1288 1059 1328 semper
1087 1273 1133 1314 in
1166 1289 1244 1314 suo
1275 1274 1421 1329 vigore
1454 1289 1627 1315 conser-

244 1348 387 1389 vanda
408 1355 498 1389 est:
532 1348 591 1388 Et
614 1348 688 1402 qui
710 1348 823 1389 foras
847 1349 901 1388 ad
921 1348 1207 1389 laborandum
1229 1349 1273 1389 in
1291 1363 1393 1403 agro
1411 1349 1626 1390 dominico

245 1438 297 1464 ex
328 1423 530 1464 domibus
559 1423 809 1474 mittuntur,
832 1423 1069 1477 quoadejus
1101 1423 1193 1463 fieri
1223 1431 1382 1478 potest,
1410 1423 1455 1463 in
1478 1424 1627 1464 eadem

246 1498 334 1539 sint
356 1497 600 1539 exercitati:
634 1506 676 1539 et
697 1499 778 1539 hac
800 1499 844 1538 in
866 1498 1040 1549 virtute,
1064 1499 1138 1553 qui
1160 1498 1320 1554 primas
1343 1499 1387 1539 in
1412 1499 1626 1540 Societate

244 1577 410 1624 tenent,
447 1572 562 1613 bono
606 1573 672 1613 sui
724 1573 921 1628 exemplo
964 1573 1056 1613 aliis
1108 1574 1388 1629 praeluceant,
1431 1579 1473 1614 et
1514 1574 1627 1615 uniti

245 1647 423 1688 omnino
455 1662 555 1688 cum
589 1662 667 1688 suo
702 1647 946 1702 Superiore,
978 1648 1195 1703 prompte,
1224 1648 1459 1699 humiliter,
1481 1657 1523 1689 et
1555 1649 1628 1689 de-

244 1723 343 1765 vote
365 1723 403 1764 ei
426 1723 682 1773 obediendo,
704 1723 952 1778 persistant.
1017 1723 1105 1766 Qui
1128 1732 1272 1765 autem
1295 1732 1384 1765 tam
1407 1725 1628 1779 egregium

247 1798 315 1839 sui
338 1798 558 1853 specimen
581 1798 624 1838 in
649 1798 894 1839 obedientia
915 1813 1004 1839 non
1028 1799 1231 1850 dedisset,
1255 1799 1368 1840 certe
1391 1799 1428 1839 ei
1451 1799 1630 1855 adjungi

245 1872 422 1914 deberet
444 1872 602 1924 socius,
625 1873 700 1927 qui
722 1873 767 1913 in
791 1888 840 1914 ea
861 1873 998 1928 magis
1029 1879 1142 1914 esset
1174 1874 1451 1929 conspicuus.
1513 1875 1629 1915 Nam

246 1956 297 1989 ut
324 1947 564 2003 plurimum
600 1948 757 1999 socius,
796 1948 870 2002 qui
906 1948 951 1987 in
987 1948 1232 1989 obedientia
1268 1949 1406 2004 magis
1434 1950 1631 2004 profecit,

247 2037 361 2073 eum,
383 2022 458 2077 qui
488 2022 633 2063 minus
662 2022 707 2062 in
736 2037 784 2063 ea
817 2022 1084 2077 profecisset,
1110 2038 1210 2063 cum
1242 2023 1387 2064 divino
1412 2024 1554 2064 favore
1583 2025 1628 2065 in

248 2097 398 2138 eadem
439 2096 624 2152 juvabit.
687 2097 746 2137 Et
781 2097 954 2152 alioqui,
992 2097 1174 2152 quanvis
1209 2098 1263 2138 ad
1299 2098 1416 2139 hunc
1449 2113 1628 2154 scopum

248 2187 336 2213 non
360 2172 623 2223 tenderetur,
647 2172 698 2223 ei,
721 2172 795 2227 qui
817 2187 916 2213 cum
946 2173 1116 2228 alioquo
1148 2188 1325 2214 munere
1358 2173 1630 2228 gubernandi

246 2247 459 2297 mittetur,
482 2246 734 2287 collateralis
759 2247 900 2288 socius
927 2247 978 2301 (si
1008 2248 1228 2303 Superiori
1260 2248 1489 2300 videbitur,
1511 2250 1630 2304 quod

248 2321 309 2362 sic
330 2321 486 2362 melius
509 2321 740 2363 commisso
762 2322 931 2363 muneri
955 2323 1204 2376 satisfaciet)
1231 2323 1409 2378 adjungi
1440 2324 1626 2379 poterit:

247 2396 322 2451 qui
345 2396 405 2437 sic
428 2411 473 2437 se
495 2405 615 2452 geret
637 2411 736 2438 cum
760 2412 825 2448 eo,
848 2397 922 2452 qui
951 2397 1044 2438 aliis
1075 2406 1247 2452 praeest,
1270 2404 1312 2439 et
1342 2398 1411 2439 ille
1442 2399 1626 2440 invicem

246 2487 347 2513 cum
383 2472 465 2513 hoc
482 2489 494 2523 3
540 2480 590 2513 ut
623 2473 869 2514 obedientia
902 2488 950 2514 ac
980 2473 1220 2514 reverentia
1251 2473 1524 2514 subditorum
1554 2474 1627 2515 de-

245 2546 372 2587 bilior
405 2561 506 2602 erga
539 2547 815 2602 Superiorem
850 2563 937 2589 non
971 2548 1204 2588 reddatur:
1258 2548 1334 2588 sed
1374 2548 1443 2588 ille
1480 2548 1626 2603 potius

245 2636 396 2663 verum
419 2636 467 2662 ac
489 2622 662 2663 fidelem
684 2622 925 2678 adjutorem
953 2631 994 2664 et
1024 2622 1339 2664 sublevatorem
1371 2638 1472 2678 erga
1503 2639 1626 2664 suam

245 2711 477 2752 personam
500 2705 542 2737 et
565 2697 761 2748 aliorum,
784 2698 859 2752 qui
891 2713 980 2738 suae
1013 2697 1113 2738 fidei
1146 2697 1364 2738 commissi
1397 2706 1514 2749 sunt,
1546 2698 1627 2739 sibi

246 2772 397 2814 datum
420 2786 513 2813 esse
536 2771 794 2827 experiatur.

187 2852 215 2888 4
246 2846 317 2887 Ad
349 2847 530 2888 eandem
568 2846 823 2888 obedientiae
857 2847 1061 2888 virtutem
1099 2847 1204 2888 ordo
1236 2847 1344 2888 bene
1377 2847 1626 2889 observatus
