1987 3374
687 336 805 363 1³2st
842 337 1057 365 QVARTA.
1528 329 1577 364 51

206 450 349 505 ipsum
373 448 649 504 Superiorem
671 447 816 499 habet)
845 448 1126 502 exequend03
1162 455 1210 488 ut
1238 462 1407 501 aequurr
1444 457 1509 489 est
1531 449 1585 489 ad

209 540 252 566 se
286 524 446 575 referri,
476 523 642 578 sibique
677 523 967 564 obedientiam
1004 523 1200 578 praestari
1235 523 1287 564 ab
1332 523 1397 574 iis,
1432 524 1506 578 qui
1542 524 1586 564 in

210 600 404 655 Collegio
427 599 617 655 degunt:
653 599 741 642 Qui
774 598 950 654 quidem
986 599 1215 640 Rectorem
1248 613 1376 640 suum
1407 613 1585 653 magno-

210 689 310 731 pere
338 674 521 716 revereri
555 689 603 715 ac
637 673 845 725 venerari,
871 682 920 714 ut
955 675 1025 727 qui
1062 674 1222 715 Christi
1251 674 1423 715 Domini
1454 675 1588 714 nostri

209 751 318 792 vices
364 751 492 803 yerzft,
535 750 750 801 debebant,
803 749 976 790 liberam
1027 751 1092 790 sui
1143 750 1330 802 ipsorum
1369 762 1589 801 rerumque

210 839 382 866 suarum
423 826 735 878 dispositionem
778 839 868 865 cum
908 838 1008 865 vera
1056 824 1289 865 obedientia
1341 825 1422 878 ipsi
1462 825 1590 865 relin-

212 900 370 953 quendo
390 917 402 939 :
442 900 550 940 nihil
579 900 617 939 ei
654 899 854 950 clausum,
882 912 932 939 ne
964 899 1258 939 conscientiam
1291 899 1454 951 quidem
1487 913 1589 951 pro-

203 975 349 1026 priam
378 973 564 1024 tenendo,
591 987 714 1025 quam
742 974 780 1012 ei
817 973 983 1025 aperire
1020 974 1085 1022 (ut
1122 973 1166 1012 in
1196 972 1406 1013 Eoeamine
1435 973 1591 1013 dictum

210 1051 290 1098 est)
314 1049 402 1088 suis
423 1048 662 1088 constitutis
685 1048 951 1100 temporibus,
975 1051 1015 1087 et
1036 1048 1199 1100 scepius,
1221 1048 1258 1087 si
1291 1061 1418 1087 caiisa
1448 1047 1589 1100 aliqua,

211 1123 260 1164 id
291 1127 500 1176 posceret,
543 1122 780 1176 oportebit;
828 1137 908 1163 non
944 1123 1227 1176 repuynando,
1265 1136 1346 1162 non
1381 1123 1592 1163 contrad-i-

215 1199 355 1249 cendo,
378 1212 452 1239 nec
482 1199 569 1239 ulla
600 1199 764 1239 ratione
783 1198 997 1251 judicium
1021 1198 1245 1251 proprium
1275 1199 1409 1251 ipsius
1427 1197 1592 1250 judicio

213 1274 472 1315 contrarium
494 1274 813 1314 demonstrando
832 1291 845 1320 ,·
878 1281 926 1314 ut
948 1287 1025 1328 per
1046 1272 1253 1314 unionem
1276 1272 1470 1328 ejusdem
1495 1288 1592 1313 sen-

214 1347 363 1389 tentiae
391 1358 434 1389 et
470 1347 721 1399 voluntatis,
753 1353 881 1402 atque
920 1362 998 1403 per
1030 1347 1220 1389 debitam
1259 1347 1593 1388 submissionem

213 1422 368 1464 melius
402 1422 448 1462 in
485 1421 630 1463 divino
673 1421 880 1476 obsequio
923 1427 1246 1473 conserventur,
1290 1427 1331 1463 et
1374 1422 1594 1477 progredi-

216 1503 358 1538 antur.

158 1578 183 1615 6
214 1573 286 1614 Ad
313 1572 472 1614 bonam
505 1572 659 1612 domus
688 1571 1048 1627 gubernationem
1082 1587 1169 1613 non
1203 1572 1342 1613 solum
1366 1586 1596 1612 numerum

217 1646 506 1688 necessarium
529 1646 776 1687 officialium
801 1647 960 1687 Rector
990 1646 1243 1701 provideat3
1277 1647 1352 1687 sed
1385 1655 1433 1687 ut
1455 1646 1597 1686 idonei

219 1720 320 1772 sint,
355 1719 593 1775 quoadejus
622 1719 714 1761 fieri
746 1719 919 1775 poterit,
943 1720 997 1760 ad
1029 1734 1128 1760 suas
1160 1719 1422 1770 functiones,
1455 1729 1603 1760 curet:

218 1796 374 1851 cuique
397 1810 496 1837 suas
518 1796 704 1851 regulas,
727 1795 801 1836 ubi
824 1810 920 1850 quae
953 1796 1007 1836 ad
1040 1795 1312 1851 singulorum
1345 1795 1483 1836 officia
1505 1810 1603 1850 per-

219 1872 375 1923 tinent,
416 1871 736 1923 contineantur,
779 1871 955 1921 tradat3
1008 1879 1050 1912 et
1093 1886 1146 1912 ne
1190 1886 1234 1912 se
1279 1871 1351 1912 hic
1404 1871 1447 1911 in
1491 1870 1604 1911 illius

220 1947 410 1989 officium
431 1946 616 2002 ingerat,
639 1946 796 1987 videat.
861 1946 1087 1997 Praeterea,
1110 1955 1158 1987 ut
1191 1946 1251 1988 eis
1283 1947 1529 2002 prospicere
1553 1947 1604 1987 de

221 2022 431 2074 subsidio,
474 2022 510 2063 si
552 2021 841 2063 necessarium
885 2021 929 2061 id
971 2021 1113 2072 fuerit,
1149 2021 1348 2071 debebit;
1396 2022 1471 2073 ita,
1507 2037 1606 2062 cum

220 2105 394 2153 tempus
420 2111 606 2138 vacuum
637 2095 720 2137 illis
751 2096 895 2147 fuerit,
927 2102 977 2136 ut
1012 2096 1176 2137 utiliter
1212 2096 1318 2137 illud
1351 2097 1606 2152 impendant

224 2172 369 2214 divino
393 2170 580 2222 servitio,
603 2179 738 2212 curet.

167 2248 190 2296 7
225 2247 346 2288 Inter
379 2245 580 2288 officiales
614 2245 787 2288 Rectori
825 2245 1104 2297 necessarios,
1137 2245 1180 2286 in
1216 2245 1366 2301 primis
1402 2245 1608 2287 Minister

224 2322 422 2373 idoneus,
445 2321 519 2376 qui
540 2320 803 2372 Vicerector,
825 2320 892 2362 vel
914 2320 1129 2376 Magister
1158 2321 1313 2362 domus
1347 2321 1415 2373 sit,
1439 2330 1480 2362 et
1514 2336 1607 2363 om-

225 2395 369 2448 nibus,
407 2410 504 2450 quae
539 2395 593 2436 ad
625 2395 790 2437 bonum
825 2395 1065 2437 universale
1099 2395 1334 2451 pertinent,
1368 2396 1608 2451 provideat,

228 2476 295 2513 est
322 2470 561 2527 eligendus.
625 2471 814 2527 Syndico
848 2471 976 2512 etiam
1006 2471 1061 2512 ad
1089 2471 1299 2512 exteriora
1325 2471 1605 2522 observanda,

228 2554 271 2588 et
292 2546 450 2602 aliquo,
473 2547 542 2588 cui
564 2562 707 2588 rerum
732 2546 1006 2602 spritualium
1030 2561 1132 2587 cura
1155 2546 1225 2597 sit,
1242 2552 1284 2588 et
1307 2546 1477 2587 duobus
1500 2546 1609 2597 aliis,

227 2621 295 2663 vel
330 2621 543 2677 pluribus,
587 2636 770 2676 quorum
812 2621 1054 2677 prudentiae
1098 2629 1138 2662 et
1181 2620 1386 2676 probitati
1420 2621 1608 2662 multum

230 2696 435 2747 confidat,
458 2711 568 2752 opus
591 2705 684 2748 est3
718 2703 760 2738 et
782 2711 882 2738 cum
905 2696 964 2738 eis
989 2696 1040 2737 de
1070 2696 1135 2747 iis,
1159 2711 1255 2751 quae
1289 2696 1543 2747 difficiliora,
1567 2706 1609 2738 et

230 2772 284 2812 ad
327 2771 410 2813 Dei
452 2771 631 2827 gloriam
675 2771 879 2828 majorem
931 2771 1291 2814 communicanda
1334 2772 1612 2819 videbuntur,
