2004 3294
383 284 407 319 3
414 285 436 319 8

420 605 436 640 1

888 294 1318 321 voxs'rITV'rloxVM

566 450 626 477 DE
653 450 995 478 SCHOLAS'HCIS
1022 452 1245 478 ADMISSIS
1271 451 1659 478 CONSERvAx-ms.

999 521 1127 561 CAP.
1163 521 1239 561 IV.

473 601 545 641 An
578 616 717 642 rerum
752 603 1049 656 temporalium
1079 611 1120 642 ct
1151 611 1422 642 externarum
1457 616 1503 642 ac
1541 601 1839 656 Collegialium

474 675 839 715 conservationem
861 676 903 715 in
927 675 977 715 iis
1000 690 1095 729 quae
1129 676 1180 715 ad
1211 690 1365 730 corpus
1395 675 1628 729 pertinent,
1649 675 1765 729 quod
1794 675 1838 715 in

473 747 615 788 Tertia
631 748 754 789 Parte
774 748 938 789 dictum
953 757 1031 800 est,
1046 748 1241 789 sufficiet.
1280 749 1333 789 Id
1353 755 1498 789 tamen
1519 747 1723 803 peculiari
1740 762 1841 788 cura

474 821 899 863 animadvertendum
923 822 1015 873 erit,
1038 831 1085 863 ut
1108 822 1373 878 temporibus
1395 821 1630 863 valetudini
1652 821 1841 877 corporis

475 895 757 938 incommodis
774 897 1025 939 Scholastici
1048 912 1134 939 non
1158 898 1374 949 studeant,
1390 903 1440 938 ut
1457 911 1607 938 somno
1629 903 1840 951 quantum

474 971 678 1026 temporis
721 972 822 1012 satis
864 972 933 1023 sit,
977 972 1194 1023 tribuant3
1246 978 1288 1014 et
1338 973 1382 1013 in
1424 971 1641 1013 laboribus
1682 970 1840 1012 mentis

476 1045 652 1086 modurn
685 1055 866 1087 servent.
931 1046 1000 1087 Sic
1029 1047 1142 1087 enim
1174 1047 1264 1099 fiet,
1294 1055 1343 1087 ut
1374 1046 1534 1088 diutius
1565 1046 1610 1086 in
1635 1045 1718 1086 illis
1743 1059 1841 1101 per-

478 1134 667 1161 severare
703 1129 789 1161 tam
831 1121 875 1162 in
917 1121 1070 1162 litteris
1112 1122 1397 1173 addiscendis,
1435 1122 1562 1176 quam
1598 1121 1643 1162 in
1680 1120 1839 1162 eisdem

476 1195 722 1236 exercendis
744 1196 797 1236 ad
819 1196 902 1237 Dei
923 1196 1100 1251 gloriam
1122 1196 1303 1251 possint.

480 1268 609 1310 Quod
631 1270 783 1311 attinet
806 1271 859 1311 ad
881 1270 1142 1326 spiritualia3
1174 1271 1321 1311 eadem
1344 1271 1421 1311 erit
1453 1270 1559 1311 ratio
1582 1284 1745 1320 eorum,
1767 1269 1841 1324 qui

476 1342 521 1382 in
545 1341 762 1398 Collegiis,
784 1350 826 1385 et
847 1344 922 1398 qui
942 1344 986 1384 in
1009 1344 1223 1385 Domibus
1247 1344 1548 1394 admittuntur,
1570 1342 1775 1398 quamdiu
1796 1342 1841 1383 in

478 1417 802 1470 probationibus
824 1426 1061 1459 versantur.
1111 1419 1213 1459 Post
1235 1417 1547 1473 probationem,
1569 1417 1666 1458 cum
1690 1416 1842 1458 studiis

475 1500 643 1542 vacant,
656 1500 705 1532 ut
727 1499 791 1533 est
813 1492 1066 1544 cavendum,
1083 1507 1136 1533 ne
1158 1492 1320 1533 fervore
1343 1492 1583 1533 studiorum
1604 1491 1842 1546 intepescat

476 1564 707 1606 solidarum
728 1566 952 1617 virtutum,
975 1581 1022 1607 ac
1050 1566 1257 1622 religiosae
1288 1566 1385 1606 vitae
1417 1580 1536 1606 amor
1552 1583 1563 1616 3
1606 1565 1665 1606 ita
1693 1564 1842 1606 morti-

475 1639 762 1691 ficationibus,
795 1641 1074 1691 orationibus,
1111 1656 1158 1681 ac
1186 1640 1537 1681 meditationibus
1569 1639 1760 1695 prolixis,
1792 1654 1840 1680 eo

476 1720 666 1768 tempore
689 1729 775 1755 non
805 1715 907 1755 adeo
940 1715 1124 1755 multum
1155 1715 1238 1755 loci
1269 1714 1494 1755 tribuetur.
1558 1713 1841 1768 Quandoqui-

475 1787 573 1827 dem
603 1787 755 1828 litteris
790 1788 887 1829 dare
922 1803 1108 1843 operam,
1143 1804 1238 1843 quae
1271 1802 1449 1843 syncera
1476 1802 1574 1828 cum
1601 1787 1840 1829 intentione

475 1861 607 1902 divini
630 1862 788 1903 servitii
811 1862 1105 1914 addiscuntur,
1128 1868 1169 1903 et
1191 1863 1508 1917 quodammodo
1531 1870 1669 1903 totum
1702 1863 1841 1903 horni-

475 1949 573 1975 nem
595 1936 833 1990 requirunt,
855 1951 941 1977 non
964 1937 1122 1988 minus,
1144 1951 1272 1991 quam
1296 1936 1338 1976 in
1360 1936 1442 1977 illis
1463 1936 1621 1977 versari
1648 1943 1840 1992 tempore

477 2008 732 2060 studiorum,
766 2009 852 2050 imo
887 2011 1023 2065 magis
1058 2011 1152 2051 Deo
1189 2025 1236 2051 ac
1271 2010 1461 2051 Domino
1496 2018 1642 2052 nostro
1670 2018 1839 2066 gratum

475 2084 568 2125 crit.

479 2158 630 2213 Itaque
652 2167 807 2213 praeter
829 2167 1095 2199 sacramenta
1117 2159 1409 2201 Confessionis
1442 2174 1489 2201 ac
1513 2159 1841 2201 communionis

481 2232 550 2285 (ad
572 2247 667 2286 quae
700 2239 849 2274 octavo
881 2247 1050 2287 quoque
1082 2233 1148 2274 die
1182 2234 1473 2275 accedendum
1505 2233 1598 2287 erit)
1625 2241 1667 2275 et
1687 2242 1843 2290 praeter

478 2307 676 2359 Missam,
708 2322 837 2362 quam
864 2307 1053 2362 quotidie
1087 2308 1295 2359 audient3
1337 2309 1486 2350 horam
1518 2323 1649 2349 unam
1674 2308 1841 2364 impen-

475 2381 578 2422 dent
591 2381 809 2423 recitando
826 2381 1092 2423 Beatissimae
1102 2381 1292 2437 Virginis
1315 2383 1467 2434 officio,
1485 2397 1532 2424 ac
1547 2383 1840 2424 examinandis

474 2456 539 2496 bis
567 2456 758 2511 quotidie
791 2457 878 2498 suis
913 2456 1184 2498 conscientiis
1217 2457 1313 2498 cnm
1347 2457 1438 2499 aliis
1470 2458 1735 2499 orationibus
1762 2473 1840 2513 pro

475 2530 682 2585 cujusque
706 2530 921 2572 devotioni
955 2545 1090 2585 usque
1122 2531 1175 2572 ad
1207 2531 1456 2586 praedictam
1486 2533 1634 2573 horam
1667 2531 1841 2587 explen-

476 2603 588 2654 dam,
607 2604 640 2644 si
663 2605 831 2659 expleta
852 2619 937 2646 non
961 2605 1101 2646 fuerit.
1165 2606 1273 2648 Quae
1297 2606 1440 2647 omnia
1464 2606 1589 2661 jmcta
1611 2605 1841 2647 ordinatio—

475 2692 572 2717 nem
596 2692 642 2717 ac
668 2677 881 2732 judicium
905 2679 1113 2734 majorum
1148 2695 1338 2729 suorum,
1362 2680 1519 2734 quibus
1553 2679 1839 2721 obedientiam

480 2752 634 2792 (Veris-li
658 2753 742 2793 loco
766 2760 965 2807 praestare
989 2754 1161 2804 debent,
1185 2755 1353 2796 sacient.
