<?xml version="1.0" encoding="UTF-8"?>
<!DOCTYPE html PUBLIC "-//W3C//DTD XHTML 1.0 Transitional//EN"
    "http://www.w3.org/TR/xhtml1/DTD/xhtml1-transitional.dtd">
<html xmlns="http://www.w3.org/1999/xhtml" xml:lang="en" lang="en">
 <head>
  <title>
</title>
<meta http-equiv="Content-Type" content="text/html;charset=utf-8" />
  <meta name='ocr-system' content='tesseract 3.04.00' />
  <meta name='ocr-capabilities' content='ocr_page ocr_carea ocr_par ocr_line ocrx_word'/>
</head>
<body>
  <div class='ocr_page' id='page_1' title='image "./constitutionesso00jesuuoft_0020.png"; bbox 0 0 2004 3294; ppageno 0'>
   <div class='ocr_carea' id='block_1_1' title="bbox 436 2554 458 2588">
    <p class='ocr_par' dir='ltr' id='par_1_1' title="bbox 436 2554 458 2588">
     <span class='ocr_line' id='line_1_1' title="bbox 436 2554 458 2588; textangle 90"><span class='ocrx_word' id='word_1_1' title='bbox 436 2554 458 2588; x_wconf 72' lang='grc' dir='ltr'><strong>[Ο</strong></span> 
     </span>
    </p>
   </div>
   <div class='ocr_carea' id='block_1_2' title="bbox 902 304 1331 332">
    <p class='ocr_par' dir='ltr' id='par_1_2' title="bbox 902 304 1331 332">
     <span class='ocr_line' id='line_1_2' title="bbox 902 304 1331 332; baseline -0.007 0"><span class='ocrx_word' id='word_1_2' title='bbox 902 304 1331 332; x_wconf 74' lang='lat' dir='ltr'><strong>CONSTITUTIONL&#39;M</strong></span> 
     </span>
    </p>
   </div>
   <div class='ocr_carea' id='block_1_3' title="bbox 483 411 1855 1921">
    <p class='ocr_par' dir='ltr' id='par_1_3' title="bbox 485 411 1851 835">
     <span class='ocr_line' id='line_1_3' title="bbox 485 411 1849 469; baseline -0.003 -14"><span class='ocrx_word' id='word_1_3' title='bbox 485 414 700 469; x_wconf 86' lang='lat' dir='ltr'><strong>agendum</strong></span> <span class='ocrx_word' id='word_1_4' title='bbox 731 427 829 454; x_wconf 91' lang='lat' dir='ltr'><strong>cum</strong></span> <span class='ocrx_word' id='word_1_5' title='bbox 861 414 957 464; x_wconf 86' lang='lat' dir='ltr'><strong>illis,</strong></span> <span class='ocrx_word' id='word_1_6' title='bbox 989 427 1145 466; x_wconf 88' lang='lat' dir='ltr'><strong>eosque</strong></span> <span class='ocrx_word' id='word_1_7' title='bbox 1177 411 1535 462; x_wconf 81' lang='lat' dir='ltr'><strong>examinandum3</strong></span> <span class='ocrx_word' id='word_1_8' title='bbox 1572 412 1645 466; x_wconf 91' lang='lat' dir='ltr'><strong>qui</strong></span> <span class='ocrx_word' id='word_1_9' title='bbox 1676 411 1849 465; x_wconf 89' lang='lat' dir='ltr'><strong>quidem</strong></span> 
     </span>
     <span class='ocr_line' id='line_1_4' title="bbox 485 485 1850 542; baseline -0.003 -14"><span class='ocrx_word' id='word_1_10' title='bbox 485 486 714 542; x_wconf 87' lang='lat' dir='ltr'><strong>prudentia</strong></span> <span class='ocrx_word' id='word_1_11' title='bbox 745 487 952 541; x_wconf 80' lang='lat' dir='ltr'><strong>praeditus</strong></span> <span class='ocrx_word' id='word_1_12' title='bbox 987 486 1055 536; x_wconf 89' lang='lat' dir='ltr'><strong>sit,</strong></span> <span class='ocrx_word' id='word_1_13' title='bbox 1087 493 1129 525; x_wconf 89' lang='lat' dir='ltr'><strong>et</strong></span> <span class='ocrx_word' id='word_1_14' title='bbox 1160 500 1246 525; x_wconf 94' lang='lat' dir='ltr'><strong>non</strong></span> <span class='ocrx_word' id='word_1_15' title='bbox 1277 485 1444 539; x_wconf 86' lang='lat' dir='ltr'><strong>ignoret</strong></span> <span class='ocrx_word' id='word_1_16' title='bbox 1475 485 1628 539; x_wconf 85' lang='lat' dir='ltr'><strong>agendi</strong></span> <span class='ocrx_word' id='word_1_17' title='bbox 1659 485 1850 535; x_wconf 89' lang='lat' dir='ltr'><strong>modum,</strong></span> 
     </span>
     <span class='ocr_line' id='line_1_5' title="bbox 487 557 1851 615; baseline -0.002 -14"><span class='ocrx_word' id='word_1_18' title='bbox 487 561 560 615; x_wconf 89' lang='lat' dir='ltr'><strong>qui</strong></span> <span class='ocrx_word' id='word_1_19' title='bbox 591 575 689 601; x_wconf 90' lang='lat' dir='ltr'><strong>cum</strong></span> <span class='ocrx_word' id='word_1_20' title='bbox 720 568 807 600; x_wconf 88' lang='lat' dir='ltr'><strong>tam</strong></span> <span class='ocrx_word' id='word_1_21' title='bbox 838 559 964 600; x_wconf 71' lang='lat' dir='ltr'><strong>variis</strong></span> <span class='ocrx_word' id='word_1_22' title='bbox 1005 558 1233 613; x_wconf 87' lang='lat' dir='ltr'><strong>generibus</strong></span> <span class='ocrx_word' id='word_1_23' title='bbox 1274 566 1316 599; x_wconf 88' lang='lat' dir='ltr'><strong>et</strong></span> <span class='ocrx_word' id='word_1_24' title='bbox 1357 557 1675 599; x_wconf 88' lang='lat' dir='ltr'><strong>conditionibus</strong></span> <span class='ocrx_word' id='word_1_25' title='bbox 1704 572 1851 612; x_wconf 90' lang='lat' dir='ltr'><strong>perso-</strong></span> 
     </span>
     <span class='ocr_line' id='line_1_6' title="bbox 487 631 1851 685; baseline -0.002 -11"><span class='ocrx_word' id='word_1_26' title='bbox 487 649 638 674; x_wconf 90' lang='lat' dir='ltr'><strong>narum</strong></span> <span class='ocrx_word' id='word_1_27' title='bbox 679 641 744 674; x_wconf 89' lang='lat' dir='ltr'><strong>cst</strong></span> <span class='ocrx_word' id='word_1_28' title='bbox 785 633 1030 682; x_wconf 83' lang='lat' dir='ltr'><strong>tenendus3</strong></span> <span class='ocrx_word' id='word_1_29' title='bbox 1076 640 1125 671; x_wconf 93' lang='lat' dir='ltr'><strong>ut</strong></span> <span class='ocrx_word' id='word_1_30' title='bbox 1166 631 1314 685; x_wconf 86' lang='lat' dir='ltr'><strong>majori</strong></span> <span class='ocrx_word' id='word_1_31' title='bbox 1348 646 1445 672; x_wconf 90' lang='lat' dir='ltr'><strong>cum</strong></span> <span class='ocrx_word' id='word_1_32' title='bbox 1481 631 1775 685; x_wconf 78' lang='lat' dir='ltr'><strong>intelligentia,</strong></span> <span class='ocrx_word' id='word_1_33' title='bbox 1809 639 1851 672; x_wconf 87' lang='lat' dir='ltr'><strong>et</strong></span> 
     </span>
     <span class='ocr_line' id='line_1_7' title="bbox 486 704 1850 761; baseline -0.001 -13"><span class='ocrx_word' id='word_1_34' title='bbox 486 707 707 761; x_wconf 86' lang='lat' dir='ltr'><strong>utriusque</strong></span> <span class='ocrx_word' id='word_1_35' title='bbox 737 706 870 761; x_wconf 87' lang='lat' dir='ltr'><strong>partis</strong></span> <span class='ocrx_word' id='word_1_36' title='bbox 903 704 1190 746; x_wconf 84' lang='lat' dir='ltr'><strong>satisfactione</strong></span> <span class='ocrx_word' id='word_1_37' title='bbox 1222 705 1443 759; x_wconf 85' lang='lat' dir='ltr'><strong>negotium</strong></span> <span class='ocrx_word' id='word_1_38' title='bbox 1475 705 1528 745; x_wconf 88' lang='lat' dir='ltr'><strong>ad</strong></span> <span class='ocrx_word' id='word_1_39' title='bbox 1559 705 1642 746; x_wconf 90' lang='lat' dir='ltr'><strong>Dei</strong></span> <span class='ocrx_word' id='word_1_40' title='bbox 1672 704 1850 759; x_wconf 86' lang='lat' dir='ltr'><strong>gloriam</strong></span> 
     </span>
     <span class='ocr_line' id='line_1_8' title="bbox 486 780 761 835; baseline 0 -15"><span class='ocrx_word' id='word_1_41' title='bbox 486 780 761 835; x_wconf 81' lang='lat' dir='ltr'><strong>transigatur.</strong></span> 
     </span>
    </p>

    <p class='ocr_par' dir='ltr' id='par_1_4' title="bbox 483 851 1854 1639">
     <span class='ocr_line' id='line_1_9' title="bbox 483 851 1850 907; baseline -0.001 -14"><span class='ocrx_word' id='word_1_42' title='bbox 483 854 590 894; x_wconf 90' lang='lat' dir='ltr'><strong>Tam</strong></span> <span class='ocrx_word' id='word_1_43' title='bbox 622 853 706 904; x_wconf 88' lang='lat' dir='ltr'><strong>ille,</strong></span> <span class='ocrx_word' id='word_1_44' title='bbox 736 867 869 907; x_wconf 87' lang='lat' dir='ltr'><strong>penes</strong></span> <span class='ocrx_word' id='word_1_45' title='bbox 900 866 1029 906; x_wconf 91' lang='lat' dir='ltr'><strong>quem</strong></span> <span class='ocrx_word' id='word_1_46' title='bbox 1060 860 1126 892; x_wconf 91' lang='lat' dir='ltr'><strong>est</strong></span> <span class='ocrx_word' id='word_1_47' title='bbox 1155 852 1336 892; x_wconf 87' lang='lat' dir='ltr'><strong>facultas</strong></span> <span class='ocrx_word' id='word_1_48' title='bbox 1358 851 1628 903; x_wconf 88' lang='lat' dir='ltr'><strong>admittendi,</strong></span> <span class='ocrx_word' id='word_1_49' title='bbox 1650 852 1778 906; x_wconf 70' lang='lat' dir='ltr'><strong>quam</strong></span> <span class='ocrx_word' id='word_1_50' title='bbox 1799 852 1850 903; x_wconf 87' lang='lat' dir='ltr'><strong>is,</strong></span> 
     </span>
     <span class='ocr_line' id='line_1_10' title="bbox 485 925 1850 981; baseline -0.001 -14"><span class='ocrx_word' id='word_1_51' title='bbox 485 926 606 981; x_wconf 87' lang='lat' dir='ltr'><strong>cujus</strong></span> <span class='ocrx_word' id='word_1_52' title='bbox 628 940 757 981; x_wconf 87' lang='lat' dir='ltr'><strong>opera</strong></span> <span class='ocrx_word' id='word_1_53' title='bbox 777 926 845 966; x_wconf 93' lang='lat' dir='ltr'><strong>ille</strong></span> <span class='ocrx_word' id='word_1_54' title='bbox 866 925 1017 976; x_wconf 89' lang='lat' dir='ltr'><strong>utitur,</strong></span> <span class='ocrx_word' id='word_1_55' title='bbox 1032 925 1187 966; x_wconf 83' lang='lat' dir='ltr'><strong>habeat</strong></span> <span class='ocrx_word' id='word_1_56' title='bbox 1209 933 1378 980; x_wconf 88' lang='lat' dir='ltr'><strong>oportet</strong></span> <span class='ocrx_word' id='word_1_57' title='bbox 1400 925 1687 979; x_wconf 83' lang='lat' dir='ltr'><strong>cognitionem</strong></span> <span class='ocrx_word' id='word_1_58' title='bbox 1709 939 1850 966; x_wconf 90' lang='lat' dir='ltr'><strong>rerum</strong></span> 
     </span>
     <span class='ocr_line' id='line_1_11' title="bbox 487 998 1853 1053; baseline -0.001 -12"><span class='ocrx_word' id='word_1_59' title='bbox 487 1000 726 1051; x_wconf 83' lang='lat' dir='ltr'><strong>Societatis,</strong></span> <span class='ocrx_word' id='word_1_60' title='bbox 762 1015 809 1040; x_wconf 85' lang='lat' dir='ltr'><strong>ac</strong></span> <span class='ocrx_word' id='word_1_61' title='bbox 842 999 994 1040; x_wconf 91' lang='lat' dir='ltr'><strong>Zelum</strong></span> <span class='ocrx_word' id='word_1_62' title='bbox 1025 998 1129 1040; x_wconf 91' lang='lat' dir='ltr'><strong>boni</strong></span> <span class='ocrx_word' id='word_1_63' title='bbox 1162 1013 1412 1053; x_wconf 87' lang='lat' dir='ltr'><strong>progressus</strong></span> <span class='ocrx_word' id='word_1_64' title='bbox 1443 998 1608 1053; x_wconf 88' lang='lat' dir='ltr'><strong>ipsius;</strong></span> <span class='ocrx_word' id='word_1_65' title='bbox 1651 1006 1698 1039; x_wconf 91' lang='lat' dir='ltr'><strong>ut</strong></span> <span class='ocrx_word' id='word_1_66' title='bbox 1734 999 1853 1039; x_wconf 90' lang='lat' dir='ltr'><strong>nulla</strong></span> 
     </span>
     <span class='ocr_line' id='line_1_12' title="bbox 484 1072 1851 1127; baseline -0.001 -13"><span class='ocrx_word' id='word_1_67' title='bbox 484 1073 645 1114; x_wconf 83' lang='lat' dir='ltr'><strong>ratione</strong></span> <span class='ocrx_word' id='word_1_68' title='bbox 668 1073 873 1114; x_wconf 87' lang='lat' dir='ltr'><strong>dimoveri</strong></span> <span class='ocrx_word' id='word_1_69' title='bbox 894 1072 947 1113; x_wconf 80' lang='lat' dir='ltr'><strong>ab</strong></span> <span class='ocrx_word' id='word_1_70' title='bbox 969 1087 1018 1113; x_wconf 90' lang='lat' dir='ltr'><strong>eo</strong></span> <span class='ocrx_word' id='word_1_71' title='bbox 1043 1072 1194 1127; x_wconf 87' lang='lat' dir='ltr'><strong>possit,</strong></span> <span class='ocrx_word' id='word_1_72' title='bbox 1217 1072 1332 1126; x_wconf 92' lang='lat' dir='ltr'><strong>quod</strong></span> <span class='ocrx_word' id='word_1_73' title='bbox 1363 1072 1407 1112; x_wconf 91' lang='lat' dir='ltr'><strong>in</strong></span> <span class='ocrx_word' id='word_1_74' title='bbox 1430 1072 1619 1112; x_wconf 90' lang='lat' dir='ltr'><strong>Domino</strong></span> <span class='ocrx_word' id='word_1_75' title='bbox 1651 1072 1851 1113; x_wconf 80' lang='lat' dir='ltr'><strong>conveni-</strong></span> 
     </span>
     <span class='ocr_line' id='line_1_13' title="bbox 486 1145 1852 1200; baseline -0.001 -14"><span class='ocrx_word' id='word_1_76' title='bbox 486 1147 627 1187; x_wconf 89' lang='lat' dir='ltr'><strong>entius</strong></span> <span class='ocrx_word' id='word_1_77' title='bbox 669 1147 722 1186; x_wconf 88' lang='lat' dir='ltr'><strong>ad</strong></span> <span class='ocrx_word' id='word_1_78' title='bbox 763 1146 957 1187; x_wconf 89' lang='lat' dir='ltr'><strong>divinum</strong></span> <span class='ocrx_word' id='word_1_79' title='bbox 1009 1145 1228 1186; x_wconf 78' lang='lat' dir='ltr'><strong>servitium</strong></span> <span class='ocrx_word' id='word_1_80' title='bbox 1270 1145 1314 1185; x_wconf 93' lang='lat' dir='ltr'><strong>in</strong></span> <span class='ocrx_word' id='word_1_81' title='bbox 1356 1146 1435 1185; x_wconf 88' lang='lat' dir='ltr'><strong>hac</strong></span> <span class='ocrx_word' id='word_1_82' title='bbox 1479 1145 1690 1186; x_wconf 87' lang='lat' dir='ltr'><strong>Societate</strong></span> <span class='ocrx_word' id='word_1_83' title='bbox 1733 1145 1852 1200; x_wconf 88' lang='lat' dir='ltr'><strong>judi-</strong></span> 
     </span>
     <span class='ocr_line' id='line_1_14' title="bbox 486 1218 1852 1273; baseline -0.001 -13"><span class='ocrx_word' id='word_1_84' title='bbox 486 1220 669 1270; x_wconf 75' lang='lat' dir='ltr'><strong>caverit,</strong></span> <span class='ocrx_word' id='word_1_85' title='bbox 711 1220 827 1273; x_wconf 89' lang='lat' dir='ltr'><strong>quod</strong></span> <span class='ocrx_word' id='word_1_86' title='bbox 858 1227 906 1259; x_wconf 90' lang='lat' dir='ltr'><strong>ut</strong></span> <span class='ocrx_word' id='word_1_87' title='bbox 938 1226 1238 1272; x_wconf 80' lang='lat' dir='ltr'><strong>consequatur,</strong></span> <span class='ocrx_word' id='word_1_88' title='bbox 1270 1219 1514 1259; x_wconf 88' lang='lat' dir='ltr'><strong>moderatus</strong></span> <span class='ocrx_word' id='word_1_89' title='bbox 1543 1218 1775 1259; x_wconf 84' lang='lat' dir='ltr'><strong>admodum</strong></span> <span class='ocrx_word' id='word_1_90' title='bbox 1797 1218 1852 1259; x_wconf 89' lang='lat' dir='ltr'><strong>sit</strong></span> 
     </span>
     <span class='ocr_line' id='line_1_15' title="bbox 486 1291 1852 1347; baseline -0.001 -14"><span class='ocrx_word' id='word_1_91' title='bbox 486 1300 654 1347; x_wconf 85' lang='lat' dir='ltr'><strong>oportet</strong></span> <span class='ocrx_word' id='word_1_92' title='bbox 685 1292 729 1332; x_wconf 88' lang='lat' dir='ltr'><strong>in</strong></span> <span class='ocrx_word' id='word_1_93' title='bbox 761 1292 1016 1332; x_wconf 89' lang='lat' dir='ltr'><strong>admittendi</strong></span> <span class='ocrx_word' id='word_1_94' title='bbox 1048 1291 1271 1332; x_wconf 89' lang='lat' dir='ltr'><strong>desiderio.</strong></span> <span class='ocrx_word' id='word_1_95' title='bbox 1333 1292 1391 1332; x_wconf 84' lang='lat' dir='ltr'><strong>Et</strong></span> <span class='ocrx_word' id='word_1_96' title='bbox 1433 1299 1481 1331; x_wconf 90' lang='lat' dir='ltr'><strong>ut</strong></span> <span class='ocrx_word' id='word_1_97' title='bbox 1510 1291 1682 1332; x_wconf 87' lang='lat' dir='ltr'><strong>liberior</strong></span> <span class='ocrx_word' id='word_1_98' title='bbox 1712 1291 1768 1331; x_wconf 82' lang='lat' dir='ltr'><strong>sit</strong></span> <span class='ocrx_word' id='word_1_99' title='bbox 1799 1291 1852 1331; x_wconf 92' lang='lat' dir='ltr'><strong>ab</strong></span> 
     </span>
     <span class='ocr_line' id='line_1_16' title="bbox 485 1363 1853 1419; baseline 0 -14"><span class='ocrx_word' id='word_1_100' title='bbox 485 1366 601 1406; x_wconf 91' lang='lat' dir='ltr'><strong>omni</strong></span> <span class='ocrx_word' id='word_1_101' title='bbox 623 1366 765 1405; x_wconf 87' lang='lat' dir='ltr'><strong>minus</strong></span> <span class='ocrx_word' id='word_1_102' title='bbox 787 1365 982 1405; x_wconf 87' lang='lat' dir='ltr'><strong>ordinato</strong></span> <span class='ocrx_word' id='word_1_103' title='bbox 1005 1365 1160 1405; x_wconf 88' lang='lat' dir='ltr'><strong>affectu</strong></span> <span class='ocrx_word' id='word_1_104' title='bbox 1167 1381 1179 1415; x_wconf 83' lang='lat'>3</span> <span class='ocrx_word' id='word_1_105' title='bbox 1210 1364 1284 1404; x_wconf 92' lang='lat' dir='ltr'><strong>ubi</strong></span> <span class='ocrx_word' id='word_1_106' title='bbox 1306 1364 1397 1404; x_wconf 89' lang='lat' dir='ltr'><strong>vitii</strong></span> <span class='ocrx_word' id='word_1_107' title='bbox 1418 1363 1666 1419; x_wconf 90' lang='lat' dir='ltr'><strong>hujusmodi</strong></span> <span class='ocrx_word' id='word_1_108' title='bbox 1687 1365 1853 1405; x_wconf 87' lang='lat' dir='ltr'><strong>occasio</strong></span> 
     </span>
     <span class='ocr_line' id='line_1_17' title="bbox 485 1437 1853 1493; baseline 0 -14"><span class='ocrx_word' id='word_1_109' title='bbox 485 1453 576 1480; x_wconf 87' lang='lat' dir='ltr'><strong>esse</strong></span> <span class='ocrx_word' id='word_1_110' title='bbox 598 1446 744 1493; x_wconf 83' lang='lat' dir='ltr'><strong>posset</strong></span> <span class='ocrx_word' id='word_1_111' title='bbox 769 1439 833 1491; x_wconf 93' lang='lat' dir='ltr'><strong>(ut</strong></span> <span class='ocrx_word' id='word_1_112' title='bbox 855 1453 954 1478; x_wconf 89' lang='lat' dir='ltr'><strong>cum</strong></span> <span class='ocrx_word' id='word_1_113' title='bbox 976 1437 1322 1493; x_wconf 79' lang='lat' dir='ltr'><strong>consanguineis,</strong></span> <span class='ocrx_word' id='word_1_114' title='bbox 1344 1445 1386 1478; x_wconf 87' lang='lat' dir='ltr'><strong>et</strong></span> <span class='ocrx_word' id='word_1_115' title='bbox 1408 1437 1570 1490; x_wconf 86' lang='lat' dir='ltr'><strong>amicis)</strong></span> <span class='ocrx_word' id='word_1_116' title='bbox 1595 1437 1679 1488; x_wconf 90' lang='lat' dir='ltr'><strong>ille,</strong></span> <span class='ocrx_word' id='word_1_117' title='bbox 1699 1438 1745 1480; x_wconf 89' lang='lat' dir='ltr'><strong>in</strong></span> <span class='ocrx_word' id='word_1_118' title='bbox 1767 1452 1853 1492; x_wconf 90' lang='lat' dir='ltr'><strong>quo</strong></span> 
     </span>
     <span class='ocr_line' id='line_1_18' title="bbox 485 1510 1854 1566; baseline 0.001 -14"><span class='ocrx_word' id='word_1_119' title='bbox 485 1512 646 1566; x_wconf 90' lang='lat' dir='ltr'><strong>aliquid</strong></span> <span class='ocrx_word' id='word_1_120' title='bbox 675 1511 854 1566; x_wconf 87' lang='lat' dir='ltr'><strong>periculi</strong></span> <span class='ocrx_word' id='word_1_121' title='bbox 884 1510 1133 1565; x_wconf 85' lang='lat' dir='ltr'><strong>hujusmodi</strong></span> <span class='ocrx_word' id='word_1_122' title='bbox 1165 1511 1400 1561; x_wconf 85' lang='lat' dir='ltr'><strong>timeretur,</strong></span> <span class='ocrx_word' id='word_1_123' title='bbox 1423 1511 1694 1552; x_wconf 81' lang='lat' dir='ltr'><strong>examinandi</strong></span> <span class='ocrx_word' id='word_1_124' title='bbox 1715 1512 1854 1553; x_wconf 90' lang='lat' dir='ltr'><strong>officio</strong></span> 
     </span>
     <span class='ocr_line' id='line_1_19' title="bbox 487 1585 813 1639; baseline 0.003 -15"><span class='ocrx_word' id='word_1_125' title='bbox 487 1600 573 1626; x_wconf 90' lang='lat' dir='ltr'><strong>non</strong></span> <span class='ocrx_word' id='word_1_126' title='bbox 593 1585 813 1639; x_wconf 86' lang='lat' dir='ltr'><strong>fungatur.</strong></span> 
     </span>
    </p>

    <p class='ocr_par' dir='ltr' id='par_1_5' title="bbox 486 1656 1855 1921">
     <span class='ocr_line' id='line_1_20' title="bbox 487 1656 1854 1712; baseline -0.001 -13"><span class='ocrx_word' id='word_1_127' title='bbox 487 1658 747 1712; x_wconf 70' lang='lat' dir='ltr'><strong>Quicunque</strong></span> <span class='ocrx_word' id='word_1_128' title='bbox 770 1665 913 1698; x_wconf 87' lang='lat' dir='ltr'><strong>autem</strong></span> <span class='ocrx_word' id='word_1_129' title='bbox 935 1672 984 1698; x_wconf 87' lang='lat' dir='ltr'><strong>eo</strong></span> <span class='ocrx_word' id='word_1_130' title='bbox 1005 1657 1224 1711; x_wconf 88' lang='lat' dir='ltr'><strong>fungetur,</strong></span> <span class='ocrx_word' id='word_1_131' title='bbox 1246 1657 1291 1697; x_wconf 93' lang='lat' dir='ltr'><strong>in</strong></span> <span class='ocrx_word' id='word_1_132' title='bbox 1313 1656 1484 1711; x_wconf 89' lang='lat' dir='ltr'><strong>scriptis</strong></span> <span class='ocrx_word' id='word_1_133' title='bbox 1505 1656 1661 1698; x_wconf 89' lang='lat' dir='ltr'><strong>habeat</strong></span> <span class='ocrx_word' id='word_1_134' title='bbox 1682 1671 1778 1712; x_wconf 86' lang='lat' dir='ltr'><strong>quae</strong></span> <span class='ocrx_word' id='word_1_135' title='bbox 1800 1658 1854 1698; x_wconf 89' lang='lat' dir='ltr'><strong>ad</strong></span> 
     </span>
     <span class='ocr_line' id='line_1_21' title="bbox 486 1730 1854 1787; baseline -0.001 -14"><span class='ocrx_word' id='word_1_136' title='bbox 486 1733 568 1773; x_wconf 85' lang='lat' dir='ltr'><strong>tale</strong></span> <span class='ocrx_word' id='word_1_137' title='bbox 590 1732 776 1773; x_wconf 87' lang='lat' dir='ltr'><strong>officium</strong></span> <span class='ocrx_word' id='word_1_138' title='bbox 799 1732 1041 1787; x_wconf 82' lang='lat' dir='ltr'><strong>pertinent3</strong></span> <span class='ocrx_word' id='word_1_139' title='bbox 1073 1732 1158 1785; x_wconf 77' lang='lat' dir='ltr'><strong>quo</strong></span> <span class='ocrx_word' id='word_1_140' title='bbox 1191 1730 1343 1771; x_wconf 87' lang='lat' dir='ltr'><strong>melius</strong></span> <span class='ocrx_word' id='word_1_141' title='bbox 1375 1738 1417 1771; x_wconf 94' lang='lat' dir='ltr'><strong>et</strong></span> <span class='ocrx_word' id='word_1_142' title='bbox 1447 1730 1604 1772; x_wconf 87' lang='lat' dir='ltr'><strong>certius</strong></span> <span class='ocrx_word' id='word_1_143' title='bbox 1634 1731 1679 1772; x_wconf 89' lang='lat' dir='ltr'><strong>id</strong></span> <span class='ocrx_word' id='word_1_144' title='bbox 1708 1740 1854 1786; x_wconf 88' lang='lat' dir='ltr'><strong>posset</strong></span> 
     </span>
     <span class='ocr_line' id='line_1_22' title="bbox 487 1804 1855 1861; baseline -0.001 -15"><span class='ocrx_word' id='word_1_145' title='bbox 487 1814 702 1861; x_wconf 80' lang='lat' dir='ltr'><strong>praestare,</strong></span> <span class='ocrx_word' id='word_1_146' title='bbox 734 1806 849 1859; x_wconf 89' lang='lat' dir='ltr'><strong>quod</strong></span> <span class='ocrx_word' id='word_1_147' title='bbox 878 1805 923 1845; x_wconf 89' lang='lat' dir='ltr'><strong>in</strong></span> <span class='ocrx_word' id='word_1_148' title='bbox 954 1806 1034 1845; x_wconf 89' lang='lat' dir='ltr'><strong>hae</strong></span> <span class='ocrx_word' id='word_1_149' title='bbox 1065 1812 1184 1859; x_wconf 88' lang='lat' dir='ltr'><strong>parte</strong></span> <span class='ocrx_word' id='word_1_150' title='bbox 1207 1805 1261 1844; x_wconf 88' lang='lat' dir='ltr'><strong>ad</strong></span> <span class='ocrx_word' id='word_1_151' title='bbox 1282 1804 1475 1845; x_wconf 86' lang='lat' dir='ltr'><strong>divinum</strong></span> <span class='ocrx_word' id='word_1_152' title='bbox 1497 1804 1716 1845; x_wconf 88' lang='lat' dir='ltr'><strong>servitium</strong></span> <span class='ocrx_word' id='word_1_153' title='bbox 1738 1819 1855 1859; x_wconf 88' lang='lat' dir='ltr'><strong>quae-</strong></span> 
     </span>
     <span class='ocr_line' id='line_1_23' title="bbox 487 1888 609 1921; baseline 0.008 -1"><span class='ocrx_word' id='word_1_154' title='bbox 487 1888 609 1921; x_wconf 78' lang='lat' dir='ltr'><strong>ritur.</strong></span> 
     </span>
    </p>
   </div>
   <div class='ocr_carea' id='block_1_4' title="bbox 488 2039 1858 2823">
    <p class='ocr_par' dir='ltr' id='par_1_6' title="bbox 700 2039 1552 2140">
     <span class='ocr_line' id='line_1_24' title="bbox 700 2039 1552 2067; baseline -0.001 0"><span class='ocrx_word' id='word_1_155' title='bbox 700 2041 762 2067; x_wconf 85' lang='lat' dir='ltr'><strong>DE</strong></span> <span class='ocrx_word' id='word_1_156' title='bbox 788 2040 1125 2067; x_wconf 74' lang='lat' dir='ltr'>ADMITTENDIS</span> <span class='ocrx_word' id='word_1_157' title='bbox 1152 2040 1202 2066; x_wconf 78' lang='lat' dir='ltr'><strong>IN</strong></span> <span class='ocrx_word' id='word_1_158' title='bbox 1228 2039 1552 2067; x_wconf 79' lang='lat' dir='ltr'>SOCIETATEM.</span> 
     </span>
     <span class='ocr_line' id='line_1_25' title="bbox 1017 2099 1242 2140; baseline 0 0"><span class='ocrx_word' id='word_1_159' title='bbox 1017 2099 1146 2140; x_wconf 83' lang='lat' dir='ltr'>CAP.</span> <span class='ocrx_word' id='word_1_160' title='bbox 1181 2100 1242 2140; x_wconf 93' lang='grc' dir='ltr'><strong>ΙΙ.</strong></span> 
     </span>
    </p>

    <p class='ocr_par' dir='ltr' id='par_1_7' title="bbox 488 2172 1858 2528">
     <span class='ocr_line' id='line_1_26' title="bbox 492 2172 1856 2229; baseline 0.001 -14"><span class='ocrx_word' id='word_1_161' title='bbox 492 2175 545 2215; x_wconf 79' lang='grc' dir='ltr'><strong>ΙΝ</strong></span> <span class='ocrx_word' id='word_1_162' title='bbox 571 2174 817 2214; x_wconf 75' lang='lat' dir='ltr'><strong>universum</strong></span> <span class='ocrx_word' id='word_1_163' title='bbox 838 2173 1053 2227; x_wconf 88' lang='lat' dir='ltr'><strong>loquendo</strong></span> <span class='ocrx_word' id='word_1_164' title='bbox 1076 2174 1127 2213; x_wconf 94' lang='lat' dir='ltr'><strong>de</strong></span> <span class='ocrx_word' id='word_1_165' title='bbox 1152 2173 1218 2223; x_wconf 82' lang='lat' dir='ltr'><strong>iis,</strong></span> <span class='ocrx_word' id='word_1_166' title='bbox 1240 2172 1314 2226; x_wconf 93' lang='lat' dir='ltr'><strong>qui</strong></span> <span class='ocrx_word' id='word_1_167' title='bbox 1345 2173 1601 2214; x_wconf 85' lang='lat' dir='ltr'><strong>admittendi</strong></span> <span class='ocrx_word' id='word_1_168' title='bbox 1633 2182 1749 2224; x_wconf 88' lang='lat' dir='ltr'><strong>sunt,</strong></span> <span class='ocrx_word' id='word_1_169' title='bbox 1770 2189 1856 2229; x_wconf 91' lang='lat' dir='ltr'><strong>quo</strong></span> 
     </span>
     <span class='ocr_line' id='line_1_27' title="bbox 488 2247 1857 2303; baseline 0.001 -15"><span class='ocrx_word' id='word_1_170' title='bbox 488 2248 683 2303; x_wconf 88' lang='lat' dir='ltr'><strong>pluribus</strong></span> <span class='ocrx_word' id='word_1_171' title='bbox 725 2248 808 2288; x_wconf 91' lang='lat' dir='ltr'><strong>Dci</strong></span> <span class='ocrx_word' id='word_1_172' title='bbox 850 2247 974 2288; x_wconf 90' lang='lat' dir='ltr'><strong>donis</strong></span> <span class='ocrx_word' id='word_1_173' title='bbox 1016 2247 1282 2287; x_wconf 88' lang='lat' dir='ltr'><strong>naturalibus</strong></span> <span class='ocrx_word' id='word_1_174' title='bbox 1324 2256 1366 2287; x_wconf 91' lang='lat' dir='ltr'><strong>et</strong></span> <span class='ocrx_word' id='word_1_175' title='bbox 1407 2247 1560 2288; x_wconf 87' lang='lat' dir='ltr'><strong>infusis</strong></span> <span class='ocrx_word' id='word_1_176' title='bbox 1601 2248 1770 2302; x_wconf 85' lang='lat' dir='ltr'><strong>praediti</strong></span> <span class='ocrx_word' id='word_1_177' title='bbox 1803 2249 1857 2289; x_wconf 88' lang='lat' dir='ltr'><strong>ad</strong></span> 
     </span>
     <span class='ocr_line' id='line_1_28' title="bbox 488 2323 1858 2380; baseline 0.001 -14"><span class='ocrx_word' id='word_1_178' title='bbox 488 2325 828 2380; x_wconf 84' lang='lat' dir='ltr'><strong>promovendum</strong></span> <span class='ocrx_word' id='word_1_179' title='bbox 852 2324 980 2378; x_wconf 83' lang='lat' dir='ltr'><strong>juxta</strong></span> <span class='ocrx_word' id='word_1_180' title='bbox 1011 2324 1235 2365; x_wconf 86' lang='lat' dir='ltr'><strong>Societatis</strong></span> <span class='ocrx_word' id='word_1_181' title='bbox 1265 2323 1514 2365; x_wconf 83' lang='lat' dir='ltr'><strong>institutum</strong></span> <span class='ocrx_word' id='word_1_182' title='bbox 1546 2324 1741 2366; x_wconf 87' lang='lat' dir='ltr'><strong>divinum</strong></span> <span class='ocrx_word' id='word_1_183' title='bbox 1771 2340 1858 2367; x_wconf 87' lang='lat' dir='ltr'><strong>ser-</strong></span> 
     </span>
     <span class='ocr_line' id='line_1_29' title="bbox 489 2397 1856 2452; baseline 0 -13"><span class='ocrx_word' id='word_1_184' title='bbox 489 2399 658 2448; x_wconf 83' lang='lat' dir='ltr'><strong>vitium,</strong></span> <span class='ocrx_word' id='word_1_185' title='bbox 675 2406 716 2438; x_wconf 86' lang='lat' dir='ltr'><strong>et</strong></span> <span class='ocrx_word' id='word_1_186' title='bbox 738 2413 822 2452; x_wconf 89' lang='lat' dir='ltr'><strong>quo</strong></span> <span class='ocrx_word' id='word_1_187' title='bbox 845 2397 1096 2438; x_wconf 86' lang='lat' dir='ltr'><strong>certioribus</strong></span> <span class='ocrx_word' id='word_1_188' title='bbox 1119 2397 1421 2452; x_wconf 82' lang='lat' dir='ltr'><strong>experimentis</strong></span> <span class='ocrx_word' id='word_1_189' title='bbox 1443 2398 1658 2452; x_wconf 87' lang='lat' dir='ltr'><strong>perspecti</strong></span> <span class='ocrx_word' id='word_1_190' title='bbox 1678 2398 1856 2449; x_wconf 84' lang='lat' dir='ltr'><strong>fuerint3</strong></span> 
     </span>
     <span class='ocr_line' id='line_1_30' title="bbox 491 2472 1594 2528; baseline 0 -14"><span class='ocrx_word' id='word_1_191' title='bbox 491 2489 539 2514; x_wconf 93' lang='lat' dir='ltr'><strong>eo</strong></span> <span class='ocrx_word' id='word_1_192' title='bbox 561 2473 698 2528; x_wconf 84' lang='lat' dir='ltr'><strong>magis</strong></span> <span class='ocrx_word' id='word_1_193' title='bbox 719 2473 862 2513; x_wconf 89' lang='lat' dir='ltr'><strong>idonei</strong></span> <span class='ocrx_word' id='word_1_194' title='bbox 884 2480 1024 2523; x_wconf 88' lang='lat' dir='ltr'><strong>erunt,</strong></span> <span class='ocrx_word' id='word_1_195' title='bbox 1045 2480 1094 2513; x_wconf 90' lang='lat' dir='ltr'><strong>ut</strong></span> <span class='ocrx_word' id='word_1_196' title='bbox 1115 2472 1159 2512; x_wconf 89' lang='lat' dir='ltr'><strong>in</strong></span> <span class='ocrx_word' id='word_1_197' title='bbox 1181 2487 1274 2513; x_wconf 83' lang='lat' dir='ltr'><strong>eam</strong></span> <span class='ocrx_word' id='word_1_198' title='bbox 1297 2472 1594 2514; x_wconf 77' lang='lat' dir='ltr'><strong>admittantur.</strong></span> 
     </span>
    </p>

    <p class='ocr_par' dir='ltr' id='par_1_8' title="bbox 492 2545 1858 2823">
     <span class='ocr_line' id='line_1_31' title="bbox 494 2545 1858 2602; baseline 0 -14"><span class='ocrx_word' id='word_1_199' title='bbox 494 2548 555 2588; x_wconf 90' lang='lat' dir='ltr'><strong>Ut</strong></span> <span class='ocrx_word' id='word_1_200' title='bbox 588 2547 878 2602; x_wconf 80' lang='lat' dir='ltr'><strong>particulatim</strong></span> <span class='ocrx_word' id='word_1_201' title='bbox 915 2547 967 2587; x_wconf 88' lang='lat' dir='ltr'><strong>de</strong></span> <span class='ocrx_word' id='word_1_202' title='bbox 1003 2546 1070 2587; x_wconf 87' lang='lat' dir='ltr'><strong>his</strong></span> <span class='ocrx_word' id='word_1_203' title='bbox 1105 2546 1346 2600; x_wconf 85' lang='lat' dir='ltr'><strong>loquamur,</strong></span> <span class='ocrx_word' id='word_1_204' title='bbox 1388 2547 1462 2601; x_wconf 91' lang='lat' dir='ltr'><strong>qui</strong></span> <span class='ocrx_word' id='word_1_205' title='bbox 1494 2547 1539 2587; x_wconf 93' lang='lat' dir='ltr'><strong>in</strong></span> <span class='ocrx_word' id='word_1_206' title='bbox 1577 2545 1858 2602; x_wconf 76' lang='lat' dir='ltr'><strong>CoadJ&#39;utores</strong></span> 
     </span>
     <span class='ocr_line' id='line_1_32' title="bbox 492 2620 1858 2674; baseline -0.001 -12"><span class='ocrx_word' id='word_1_207' title='bbox 492 2622 779 2662; x_wconf 81' lang='lat' dir='ltr'><strong>admittuntur</strong></span> <span class='ocrx_word' id='word_1_208' title='bbox 809 2621 862 2661; x_wconf 84' lang='lat' dir='ltr'><strong>ad</strong></span> <span class='ocrx_word' id='word_1_209' title='bbox 894 2635 960 2661; x_wconf 88' lang='lat' dir='ltr'><strong>res</strong></span> <span class='ocrx_word' id='word_1_210' title='bbox 991 2621 1261 2674; x_wconf 84' lang='lat' dir='ltr'><strong>temporales,</strong></span> <span class='ocrx_word' id='word_1_211' title='bbox 1282 2621 1349 2661; x_wconf 78' lang='lat' dir='ltr'><strong>vel</strong></span> <span class='ocrx_word' id='word_1_212' title='bbox 1379 2621 1606 2662; x_wconf 77' lang='lat' dir='ltr'><strong>exteriores</strong></span> <span class='ocrx_word' id='word_1_213' title='bbox 1634 2620 1858 2671; x_wconf 81' lang='lat' dir='ltr'><strong>curandas,</strong></span> 
     </span>
     <span class='ocr_line' id='line_1_33' title="bbox 496 2694 1858 2749; baseline 0 -15"><span class='ocrx_word' id='word_1_214' title='bbox 496 2696 584 2748; x_wconf 80' lang='lat' dir='ltr'><strong>(qui</strong></span> <span class='ocrx_word' id='word_1_215' title='bbox 608 2696 750 2749; x_wconf 77' lang='lat' dir='ltr'><strong>plures</strong></span> <span class='ocrx_word' id='word_1_216' title='bbox 772 2711 863 2736; x_wconf 77' lang='lat' dir='ltr'><strong>esse</strong></span> <span class='ocrx_word' id='word_1_217' title='bbox 887 2710 973 2736; x_wconf 85' lang='lat' dir='ltr'><strong>non</strong></span> <span class='ocrx_word' id='word_1_218' title='bbox 996 2695 1167 2744; x_wconf 68' lang='lat' dir='ltr'><strong>debent,</strong></span> <span class='ocrx_word' id='word_1_219' title='bbox 1190 2695 1317 2749; x_wconf 69' lang='lat' dir='ltr'><strong>quam</strong></span> <span class='ocrx_word' id='word_1_220' title='bbox 1340 2696 1414 2749; x_wconf 85' lang='lat' dir='ltr'><strong>qui</strong></span> <span class='ocrx_word' id='word_1_221' title='bbox 1435 2694 1661 2737; x_wconf 84' lang='lat' dir='ltr'><strong>necessarii</strong></span> <span class='ocrx_word' id='word_1_222' title='bbox 1682 2694 1782 2745; x_wconf 89' lang='lat' dir='ltr'><strong>sint,</strong></span> <span class='ocrx_word' id='word_1_223' title='bbox 1804 2694 1858 2734; x_wconf 92' lang='lat' dir='ltr'><strong>ad</strong></span> 
     </span>
     <span class='ocr_line' id='line_1_34' title="bbox 494 2767 1858 2823; baseline -0.001 -14"><span class='ocrx_word' id='word_1_224' title='bbox 494 2769 803 2809; x_wconf 64' lang='lat' dir='ltr'><strong>sublevandum</strong></span> <span class='ocrx_word' id='word_1_225' title='bbox 828 2769 1083 2810; x_wconf 75' lang='lat' dir='ltr'><strong>Societatem</strong></span> <span class='ocrx_word' id='word_1_226' title='bbox 1106 2768 1149 2809; x_wconf 85' lang='lat' dir='ltr'><strong>in</strong></span> <span class='ocrx_word' id='word_1_227' title='bbox 1172 2768 1221 2809; x_wconf 81' lang='lat' dir='ltr'><strong>iis</strong></span> <span class='ocrx_word' id='word_1_228' title='bbox 1244 2769 1385 2819; x_wconf 87' lang='lat' dir='ltr'><strong>rebus,</strong></span> <span class='ocrx_word' id='word_1_229' title='bbox 1406 2769 1451 2810; x_wconf 87' lang='lat' dir='ltr'><strong>in</strong></span> <span class='ocrx_word' id='word_1_230' title='bbox 1481 2768 1637 2823; x_wconf 85' lang='lat' dir='ltr'><strong>quibus</strong></span> <span class='ocrx_word' id='word_1_231' title='bbox 1659 2767 1858 2822; x_wconf 89' lang='lat' dir='ltr'><strong>occupari</strong></span> 
     </span>
    </p>
   </div>
  </div>
 </body>
</html>
