2004 3294
297 272 349 307 (52
798 278 1229 305 CONSTITUTIONUM

383 389 540 444 poterit
548 405 560 440 3
582 397 631 429 ut
647 388 746 428 cum
767 387 961 428 omnium
984 387 1218 428 sententias
1241 386 1436 437 audierit,
1449 386 1618 437 melius,
1635 384 1752 441 quod

383 463 597 514 convenit,
619 462 868 503 constituat.

327 539 349 586 7
382 537 478 579 Erit
501 537 716 592 Syndicus
739 551 851 577 unus
873 535 1097 590 generaliS,
1115 534 1189 590 qui
1210 542 1299 576 tam
1321 534 1374 575 de
1394 534 1604 590 personis,
1621 533 1750 588 quam

382 612 434 652 de
455 611 583 651 rebus
608 611 676 664 (de
709 609 866 664 quibus
894 608 1123 661 videbitur)
1151 609 1378 649 Rectorem
1400 615 1443 648 et
1465 607 1750 662 Praepositum

385 684 694 726 provincialem
715 688 759 723 et
781 682 1037 723 Generalem
1059 682 1316 732 admoneat3
1348 681 1422 736 qui
1443 681 1618 735 quidem
1640 681 1752 736 Syn-

383 759 505 800 dicus
526 758 591 799 vir
610 772 780 813 magnae
802 756 1020 798 fidelitatis
1042 764 1084 797 et
1109 755 1261 811 judicii
1294 770 1385 796 esse
1407 755 1605 796 debebit:
1638 756 1753 796 Prae-

382 839 448 874 ter
467 834 600 884 hunc,
623 847 724 874 suos
745 831 922 873 habebit
945 831 1158 887 Syndicos
1187 830 1466 886 particulares
1489 831 1671 871 Rector:
1703 838 1752 871 ut

383 923 480 962 quae
502 907 651 962 quavis
679 907 724 947 in
753 906 886 947 classe
915 905 1162 957 acciderint,
1188 904 1345 959 quibus
1375 904 1598 960 providere
1626 919 1752 959 opor-

382 989 485 1033 teat,
522 981 576 1022 ad
610 981 755 1036 ipsum
788 980 988 1021 referant.
1048 980 1110 1020 Et
1144 984 1192 1020 ut
1226 980 1315 1032 ipse
1350 979 1399 1019 de
1427 979 1610 1019 omnibus
1636 979 1752 1018 Prce-

383 1057 631 1109 ceptor-ibus,
663 1060 704 1097 et
741 1056 837 1096 aliis
871 1047 921 1096 de
954 1055 1193 1102 Societate;
1240 1055 1303 1094 ita
1335 1057 1376 1094 et
1411 1053 1690 1104 Collateralz's,
1711 1057 1752 1093 et

386 1131 606 1184 Syndicus,
628 1134 669 1170 et
695 1130 936 1170 Consiliarii
958 1129 1007 1169 de
1027 1130 1132 1181 ipso,
1155 1132 1195 1168 et
1216 1129 1266 1168 de
1294 1128 1391 1168 aliis
1420 1127 1601 1168 scribent
1630 1128 1756 1167 semel

382 1207 557 1259 sinyaIis
588 1206 707 1246 annis
732 1205 962 1257 Praeposito
989 1204 1197 1254 Generali,
1229 1207 1269 1243 et
1301 1203 1362 1243 bis
1388 1202 1661 1252 Provinciali,
1682 1202 1753 1254 qui

387 1280 629 1320 Generalem
653 1280 707 1328 (si
729 1279 830 1331 quid
849 1279 1098 1331 oportuerit)
1119 1276 1351 1317 admonebit
1369 1294 1381 1315 :
1414 1282 1464 1315 ut
1484 1274 1530 1314 in
1552 1274 1753 1315 omnibus

383 1353 534 1408 majori
575 1367 675 1397 cum
716 1350 1085 1406 circunspectione
1127 1358 1170 1391 et
1211 1364 1313 1391 cura
1362 1349 1597 1404 praestandi
1637 1348 1755 1403 quod

384 1428 565 1482 quisque
585 1426 729 1477 (lebet,
750 1425 1022 1481 procedatur.

326 1506 350 1541 8
385 1502 452 1542 De
486 1500 701 1555 aliquibus
741 1498 955 1555 insigniis,
988 1513 1095 1539 num
1135 1497 1196 1538 eis
1239 1497 1411 1548 Rector,
1448 1495 1754 1548 Cancellarius,

384 1574 554 1626 Bidelli,
588 1575 815 1624 Doctores,
848 1581 891 1614 et
924 1571 1142 1627 Magistri,
1172 1578 1222 1612 ut
1256 1570 1302 1611 in
1330 1570 1622 1612 Universitate
1653 1584 1753 1624 cog-

384 1655 633 1699 noscantur,
654 1648 723 1689 vel
744 1647 858 1688 certe
878 1647 924 1687 in
946 1646 1114 1686 actibus
1135 1644 1320 1700 publicis
1350 1644 1416 1685 uti
1447 1643 1645 1694 debeant,
1672 1658 1752 1685 nec

385 1737 453 1774 ne,
489 1730 532 1763 et
568 1722 603 1763 si
638 1727 831 1772 utantur,
873 1720 1015 1775 qualia
1055 1734 1147 1760 essc
1189 1718 1388 1769 debeant,
1422 1717 1753 1759 considerationi

386 1796 609 1837 Generalis
643 1803 748 1836 tunc
784 1794 1021 1845 existentis,
1058 1794 1156 1834 cum
1193 1792 1335 1847 aliqua
1376 1791 1645 1832 Universitas
1679 1792 1752 1832 ad-

385 1871 586 1921 mittitur,
607 1870 885 1924 relinquetur.
947 1869 1024 1909 Ille
1057 1876 1199 1909 autem
1225 1882 1302 1922 per
1333 1881 1391 1917 se,
1411 1866 1480 1906 vel
1508 1881 1586 1920 per
1607 1865 1752 1917 alium,

386 1945 584 2000 expensis
626 1943 960 1994 circunstantiis,
997 1943 1114 1997 quod
1156 1940 1414 1996 judicaverit
1454 1940 1509 1980 ad
1548 1939 1753 1995 majorem

386 2019 470 2060 Dei
505 2018 684 2074 gloriam
721 2026 763 2059 et
795 2017 1065 2072 obsequium,
1100 2024 1143 2057 et
1183 2016 1347 2056 bonum
1386 2014 1626 2055 universale
1665 2014 1753 2055 fore

390 2092 480 2145 (qui
501 2092 655 2133 unicus
678 2106 834 2146 scopus
856 2091 900 2132 in
922 2092 1002 2132 hac
1024 2098 1066 2132 et
1086 2092 1131 2131 in
1153 2089 1353 2131 omnibus
1374 2088 1502 2131 rebus
1524 2087 1649 2130 nobis
1670 2089 1750 2140 est)

387 2168 635 2209 constituet.
