1987 3374
750 320 870 347 PARS
905 319 1055 346 NONA.
1549 310 1628 346 109

253 447 348 473 rum
384 429 676 484 Collegiorum
709 429 753 469 in
788 429 1023 470 eorundem
1065 428 1296 469 utilitatem
1331 442 1379 468 ac
1422 442 1549 468 usum
1581 443 1630 469 ea

254 504 514 555 conditione,
545 508 594 543 ut
630 503 848 558 integrum
881 503 936 543 sit
977 503 1056 543 hac
1090 517 1133 543 se
1166 501 1427 557 obligatione
1459 516 1628 553 exuere,

253 577 520 620 restituendo
543 577 788 632 pecuniam,
806 591 903 631 quae
925 577 1026 617 data
1046 576 1188 617 fuerit.
1250 575 1448 616 Alienare
1471 583 1630 627 autem,

254 657 330 694 aut
360 652 537 693 omnino
569 651 799 692 dissolvere
833 651 1026 706 Collegia
1056 651 1123 691 vel
1154 651 1321 691 Domos
1346 650 1438 705 jam
1469 655 1630 691 erectas

257 725 483 768 Societatis
518 725 608 766 sine
643 725 831 780 generali
874 725 965 780 ejus
1000 724 1332 780 congregatione
1367 724 1631 779 Praepositus

258 799 482 842 Generalis
505 814 592 840 non
615 799 789 854 poterit.

197 879 223 915 6
255 874 323 915 De
344 874 396 914 iis
418 874 534 923 vero,
557 888 654 927 quae
688 873 893 914 Societati
924 873 985 913 ita
1009 872 1329 926 relinquuntur,
1352 882 1401 914 ut
1431 873 1526 928 ipsa
1552 887 1631 928 pro

255 961 333 987 suo
356 946 566 987 arbitratu
588 960 636 986 ea
658 945 861 1000 disponat
887 946 990 999 (sive
1013 945 1127 986 bona
1159 946 1327 986 stabilia
1357 947 1429 986 illa
1460 947 1561 997 sint,
1583 955 1632 987 ut

255 1023 410 1064 domus
433 1022 589 1076 aliqua,
611 1022 678 1062 vel
709 1022 923 1076 praedium
946 1036 1033 1062 non
1067 1020 1193 1061 alicui
1225 1029 1340 1062 certo
1364 1021 1556 1076 Collegio
1579 1022 1632 1062 ab

254 1112 319 1149 eo,
341 1097 415 1151 qui
436 1096 656 1150 relinquit,
679 1096 961 1137 determinate
993 1094 1259 1150 applicatum
1290 1096 1359 1137 vel
1389 1110 1634 1146 annexum3

255 1171 342 1213 sive
363 1171 553 1222 mobilia,
575 1170 818 1225 cujusmodi
841 1178 944 1211 sunt
974 1173 1175 1226 pecunia,
1207 1170 1414 1222 triticum,
1442 1178 1484 1211 et
1516 1185 1634 1225 quae-

253 1246 316 1287 vis
350 1246 431 1286 alia
462 1245 651 1295 mobilia,
685 1245 799 1285 idem
839 1245 1063 1286 Generalis
1101 1246 1327 1301 disponere
1363 1245 1522 1300 poterit
1558 1253 1633 1286 aut

254 1320 497 1370 vendendo,
520 1327 594 1360 aut
622 1319 864 1370 retinendo,
893 1324 968 1360 aut
997 1320 1098 1361 huic
1130 1321 1197 1362 vel
1224 1320 1285 1360 illi
1311 1320 1406 1361 loco
1435 1320 1493 1370 id,
1516 1320 1633 1374 quod

255 1395 293 1435 ei
314 1394 544 1446 videbitur,
567 1394 840 1449 applicando,
862 1402 992 1448 prout
1025 1394 1078 1434 ad
1109 1394 1316 1450 majorem
1338 1394 1422 1435 Dei
1453 1394 1632 1449 gloriam

255 1469 437 1510 senserit
461 1468 674 1524 expedire.

199 1547 222 1594 7
256 1545 316 1586 Et
346 1544 573 1600 Praepositi
611 1542 914 1594 provinciales,
952 1551 1026 1584 aut
1062 1544 1232 1595 locales,
1267 1552 1309 1585 et
1344 1545 1564 1594 Rectores,
1590 1549 1633 1584 et

256 1618 550 1660 Commissarii
593 1632 686 1658 eam
737 1625 904 1671 partem
956 1617 1086 1672 hujus
1137 1618 1353 1659 facultatis
1394 1617 1632 1668 habebunt,

253 1707 384 1747 quam
406 1692 512 1747 ipsis
537 1690 761 1732 Generalis
785 1691 1179 1732 communicaverit.
1241 1692 1396 1746 Neque
1418 1706 1517 1731 vero
1546 1691 1632 1732 col-

252 1766 426 1821 legiales
459 1765 514 1806 ad
543 1764 794 1820 hujusmodi
831 1771 953 1805 actus
985 1764 1261 1820 collegialiter
1294 1772 1421 1806 erunt
1454 1779 1633 1820 congre—

255 1840 401 1896 gandi.

196 1921 221 1957 8
257 1916 379 1958 Sicut
408 1915 463 1956 ad
489 1914 747 1956 Generalem
777 1914 966 1969 pertinet
994 1929 1156 1966 curare,
1187 1921 1236 1955 ut
1266 1915 1492 1957 Societatis
1516 1915 1632 1956 Con-

255 1990 504 2031 stitutiones
526 1989 687 2043 ubique
710 1988 1017 2039 observentur3
1054 1989 1114 2029 ita
1142 1989 1196 2030 ad
1226 1990 1413 2030 eundem
1444 1989 1632 2044 pertine-

253 2063 333 2114 bit,
354 2064 399 2104 z'n
419 2064 487 2113 iis,
510 2076 597 2115 quae
619 2063 827 2112 accidunt,
848 2062 918 2102 ubi
941 2063 1246 2115 dispensatione
1268 2077 1369 2116 optes
1391 2068 1466 2114 est,
1488 2063 1632 2104 habita

253 2139 419 2179 ratione
441 2150 735 2190 personarum,
769 2137 965 2186 locorum,
998 2141 1241 2189 temporum,
1264 2142 1305 2178 et
1337 2139 1518 2178 aliarum
1549 2139 1632 2178 cir-

255 2213 604 2261 cunstantiarum,
647 2210 915 2262 dispensare:
963 2210 1081 2264 quod
1115 2225 1276 2252 munus
1314 2226 1362 2252 ea
1395 2226 1495 2252 cum
1528 2226 1631 2266 pru-

255 2285 415 2336 dentia,
438 2299 568 2339 quam
600 2285 673 2325 choe
702 2288 858 2324 ceterna
891 2284 1285 2337 communicaverit,
1316 2286 1448 2326 finem
1479 2301 1631 2327 earun-

256 2360 354 2400 dem
387 2358 763 2399 Constitutionum
794 2358 1020 2409 intuendo,
1050 2359 1124 2413 qui
1157 2359 1264 2399 alius
1287 2374 1375 2400 non
1397 2367 1476 2410 est,
1499 2375 1630 2414 quam

254 2433 393 2488 majus
416 2433 500 2474 Dei
521 2432 791 2487 obsequium,
814 2438 857 2473 et
879 2447 1026 2473 eorum
1048 2433 1227 2484 bonum,
1250 2434 1323 2488 qui
1353 2435 1436 2475 hoc
1458 2434 1629 2476 vivendi

254 2506 503 2548 institutum
526 2514 781 2560 sequuntur,
803 2506 1041 2561 praestabit.
1104 2507 1243 2561 quue
1266 2515 1354 2547 tam
1383 2508 1435 2548 de
1468 2510 1631 2561 eoeperz'-

254 2582 402 2621 mentis
433 2594 586 2631 eorum,
618 2579 692 2634 qui
713 2579 758 2620 in
788 2579 1116 2634 probationibus
1147 2588 1387 2632 versantur,
1417 2581 1546 2636 quam
1575 2582 1627 2622 de

253 2654 345 2695 aliis
381 2653 524 2705 rebus,
561 2653 606 2694 in
640 2653 796 2708 quibus
831 2668 924 2694 eam
957 2654 1087 2695 fuisse
1130 2663 1321 2696 mentem
1355 2670 1518 2706 eorum,
1555 2655 1630 2710 qui

253 2728 600 2770 Constitutione-s
633 2727 933 2779 condiderunt,
960 2729 1014 2770 ad
1047 2728 1226 2784 gloriam
1253 2729 1336 2771 Dei
1368 2744 1415 2771 ac
1449 2729 1628 2771 Domini

254 2802 390 2844 nostri
415 2802 696 2858 judicabitur,
719 2802 883 2844 dictum
906 2802 974 2844 sit.
