2004 3294
408 298 457 336 18

910 312 1338 341 CONSTlTUTIONI'M

852 492 911 518 DE
936 492 1070 520 MODO
1097 494 1406 520 DIMITTENDI.

491 643 601 683 CUM
639 642 704 692 iis,
741 642 813 695 qui
847 642 1090 682 dimittendi
1124 651 1263 694 erunt,
1300 644 1512 684 observari
1545 660 1643 686 eum
1676 646 1851 687 modum

489 715 725 765 conveniet,
755 715 827 769 quj
855 715 899 755 in
933 723 1167 770 conspectu
1196 716 1279 757 Dei
1310 717 1558 769 dimittenti,
1590 718 1780 770 dimisso,
1811 728 1853 760 et

489 789 579 829 aliis
613 789 873 840 domesticis,
905 798 947 830 et
980 790 1166 830 externis
1203 790 1386 832 maxime
1418 792 1661 834 satisfaciat.
1723 793 1854 836 Quod

488 862 641 903 attinet
676 863 730 903 ad
771 863 1057 904 dimittentem
1100 863 1154 904 ob
1191 878 1339 905 causas
1373 865 1568 919 superius
1605 866 1740 907 dictas
1773 866 1854 907 tria

488 936 779 978 observentur.

490 1010 681 1051 Primum
712 1019 790 1061 est,
825 1019 872 1051 ut
906 1019 996 1051 oret
1028 1011 1119 1066 ipse
1153 1012 1406 1063 Dominum,
1440 1020 1482 1053 et
1513 1013 1629 1054 domi
1660 1013 1769 1054 orari
1801 1028 1850 1054 ea

484 1085 721 1126 intentione
744 1092 862 1125 curet
887 1085 1082 1138 (quanvis
1114 1085 1383 1139 particularia
1414 1100 1500 1126 non
1532 1086 1843 1141 intelligantur)

487 1166 534 1199 ut
556 1159 793 1213 significare
816 1158 1032 1199 Dominus
1054 1166 1198 1199 noster
1226 1159 1426 1213 dignetur
1457 1173 1505 1200 ea
1535 1159 1578 1199 in
1610 1174 1669 1210 re,
1691 1160 1742 1200 de
1765 1174 1850 1213 qua

487 1232 640 1286 agitur,
663 1246 783 1272 suam
806 1232 1117 1272 sanctissimam
1140 1232 1418 1273 voluntatem.

484 1305 695 1356 Alterum,
736 1313 785 1345 ut
826 1305 1014 1346 conferat
1062 1320 1160 1346 cum
1212 1305 1439 1359 aliquibus,
1489 1319 1564 1346 seu
1615 1305 1756 1358 aliquo
1797 1320 1849 1345 ex

486 1379 746 1428 domesticis,
768 1379 840 1432 qui
868 1379 922 1419 ad
952 1379 1033 1418 hoc
1065 1379 1285 1433 negotium
1308 1378 1492 1433 aptiores
1520 1378 1770 1429 videantur;
1806 1387 1849 1419 et

485 1452 643 1502 audiat,
665 1452 769 1506 quid
789 1452 848 1491 illi
871 1452 1071 1492 sentiant.

483 1526 692 1575 Tertium,
726 1533 773 1565 ut
809 1525 981 1565 ornnem
1017 1525 1212 1565 exuendo
1246 1525 1460 1575 affectum,
1496 1532 1538 1565 et
1579 1524 1728 1579 majori
1764 1524 1848 1565 Dei

485 1599 619 1654 gloria
659 1613 746 1653 prae
783 1598 915 1638 oculis
952 1598 1200 1648 constituta,
1241 1612 1289 1638 ac
1326 1597 1566 1638 communis
1600 1597 1716 1648 boni,
1753 1606 1846 1638 tum

485 1674 612 1714 etiam
634 1673 789 1726 (quoad
806 1672 896 1726 ejus
911 1672 1001 1712 fieri
1023 1672 1194 1726 poterit)
1214 1671 1483 1726 particularis
1504 1671 1666 1712 ratione
1687 1671 1847 1723 habita,

484 1747 696 1802 expendat
736 1747 837 1786 hinc
887 1746 985 1786 inde
1037 1760 1199 1795 causaS,
1241 1754 1282 1787 et
1324 1753 1498 1796 statuat,
1539 1760 1592 1786 an
1634 1746 1847 1787 dimittere

485 1822 651 1872 debeat,
673 1836 750 1862 nec
772 1835 838 1861 ne.

487 1896 616 1938 Quod
657 1896 710 1936 ad
751 1895 976 1935 dimissum
1027 1894 1195 1945 attinet,
1238 1894 1318 1934 tria
1367 1894 1514 1935 itidem
1553 1894 1844 1935 observentur.

487 1970 676 2011 Primum
711 1968 923 2018 exterius;
966 1975 1015 2007 ut
1047 1968 1216 2007 recedat
1252 1982 1303 2008 ex
1336 1968 1478 2017 domo,
1514 1975 1724 2021 quantum
1755 1967 1845 2008 fieri

482 2043 634 2098 possit,
656 2042 745 2083 sine
768 2041 972 2082 dedecore
994 2040 1060 2081 vel
1081 2040 1329 2095 ignominia,
1351 2055 1398 2080 ac
1430 2054 1575 2081 secum
1607 2039 1750 2081 omnia
1770 2055 1847 2081 sua

483 2117 602 2157 ferat.

483 2191 679 2231 Alterum
704 2188 911 2238 interius,
942 2195 990 2227 ut
1021 2202 1119 2227 eum
1151 2187 1456 2227 dimittendum
1479 2187 1682 2241 S'uperior
1711 2196 1845 2238 curet,

484 2271 745 2312 conservata,
786 2269 996 2315 quantum
1037 2260 1127 2300 ficri
1168 2267 1324 2314 potest,
1372 2260 1576 2301 charitate
1627 2275 1675 2301 ac
1715 2260 1844 2301 bene-

483 2336 669 2378 volentia
689 2343 840 2375 mutua
860 2349 960 2389 erga
976 2334 1166 2384 domum,
1188 2341 1230 2374 et
1252 2342 1413 2387 quanta
1434 2348 1531 2374 cum
1554 2334 1843 2375 consolatione

483 2412 527 2452 in
550 2410 738 2451 Domino
760 2409 850 2449 fieri
871 2407 1042 2463 poterit.

483 2485 701 2535 Tertium3
733 2492 781 2524 ut
812 2483 922 2523 circa
949 2489 1109 2522 statum
1137 2481 1235 2522 vitae
1264 2482 1433 2523 studeat
1458 2496 1557 2523 eum
1588 2481 1767 2537 dirigere
1795 2489 1844 2522 ut

484 2559 668 2612 aliquam
701 2556 1026 2597 convenientem
1067 2555 1178 2596 viam
1221 2556 1430 2596 serviendi
1471 2556 1566 2596 Deo
1608 2555 1737 2606 ineat,
1777 2555 1843 2595 vel

484 2633 527 2672 in
551 2630 786 2685 Religionc,
807 2630 873 2671 vel
897 2637 1015 2670 extra
1035 2644 1153 2676 eam;
1185 2638 1312 2683 prout
1335 2629 1489 2670 divinae
1510 2627 1720 2669 voluntati
1742 2642 1844 2668 con-

484 2704 722 2746 venientius
743 2704 829 2744 fore
858 2703 1083 2744 videbitur.
1146 2703 1333 2743 Demum
1365 2702 1541 2743 consilio
1566 2709 1608 2742 et
1639 2701 1842 2751 oratione,

484 2789 525 2820 ct
548 2779 581 2819 si
604 2778 706 2832 quid
727 2778 841 2820 aliud
863 2778 1045 2819 charitas
1068 2777 1245 2827 dederit,
1269 2777 1418 2831 juvare
1441 2784 1573 2817 curet.
