2004 3294
323 278 376 314 86

349 2765 365 2799 1

827 286 1259 314 CONSTITUTIONUM

408 404 676 436 momentum
712 411 756 437 re
791 396 946 437 divinae
985 396 1205 451 Majestati
1243 395 1330 436 suis
1367 402 1409 436 et
1443 395 1776 436 domesticorum

408 470 673 511 orationibus
710 485 758 511 ac
795 471 1012 512 sacrificiis
1049 471 1381 520 commendata3
1424 476 1466 510 et
1501 485 1599 510 cum
1634 469 1776 523 aliquo

408 545 475 585 vel
510 545 705 599 pluribus
740 560 791 585 ex
825 545 973 585 eadem
1009 545 1235 594 Societate,
1269 544 1342 598 qui
1378 544 1639 584 videbuntur
1665 544 1778 583 inter

407 634 494 669 eos,
526 619 600 672 qui
632 618 862 669 adfuerint,
895 618 1238 668 communicata3
1282 626 1442 658 statuet
1463 633 1540 673 per
1571 618 1776 672 seipsum,

407 707 512 732 num
544 692 714 732 mittere
746 691 913 743 debeat,
945 706 1024 732 nec
1055 705 1138 742 ne;
1180 700 1221 732 et
1253 691 1312 731 sie
1341 692 1393 732 de
1414 691 1588 745 reliquis
1610 691 1777 732 circun-

408 766 600 816 stantiis3
632 774 680 807 ut
703 767 757 806 ad
774 766 858 807 Dei
879 766 1084 821 majorem
1105 766 1283 821 gloriam
1307 765 1533 806 convenire
1547 765 1776 820 judicabit.

407 840 502 880 Erit
526 848 670 881 autem
694 840 800 895 ejus,
824 840 897 895 qui
929 840 1130 891 mittitur,
1153 840 1355 890 officium,
1388 840 1506 880 nulla
1535 839 1699 880 ratione
1732 854 1775 880 se

404 914 638 968 ingerendo
662 915 716 954 ad
737 915 943 965 eundum,
957 914 1024 954 vel
1046 914 1310 953 manendum
1332 913 1376 953 in
1399 914 1480 953 hoc
1502 913 1595 954 loco
1616 913 1777 968 potius,

405 988 533 1041 quam
563 988 607 1027 in
640 988 726 1038 illo,
757 988 929 1042 plenam
961 1002 1008 1027 ac
1035 987 1210 1028 omnino
1238 987 1415 1027 liberam
1443 987 1507 1027 sui
1531 987 1777 1041 dispositio-

406 1078 505 1104 nem
541 1064 773 1118 Superiori,
816 1066 886 1116 (μα’
927 1077 1017 1104 eum
1063 1064 1220 1103 Christi
1263 1064 1348 1103 loco
1390 1063 1513 1115 regit,
1555 1061 1609 1101 ad
1641 1061 1777 1116 ipsius

403 1138 542 1193 majus
574 1139 829 1192 obsequium
861 1147 902 1178 et
934 1138 1105 1178 laudem
1137 1137 1391 1191 relinquere.
1453 1137 1523 1177 Sic
1556 1136 1699 1187 etiam,
1728 1145 1776 1176 ut

405 1213 474 1253 alii
496 1221 698 1253 maneant
720 1213 890 1264 alicubi,
911 1213 979 1253 vel
1001 1212 1081 1252 alio
1111 1227 1154 1252 se
1187 1212 1422 1261 conferant,
1445 1225 1572 1250 nemo
1603 1225 1777 1265 quoquo

403 1287 530 1328 modo
569 1287 659 1327 sine
697 1301 911 1327 consensu
949 1285 1190 1340 Superioris
1233 1285 1313 1335 sui,
1347 1300 1423 1339 per
1457 1299 1586 1339 quem
1626 1284 1695 1325 ille
1732 1285 1776 1324 in

403 1361 593 1402 Domino
616 1361 924 1416 gubernandus
947 1367 1029 1411 est,
1051 1374 1197 1400 curare
1221 1359 1362 1399 debet.

406 1435 678 1489 Quocunque
723 1434 927 1490 Superior
966 1434 1111 1474 mittet
1153 1433 1353 1488 aliquem,
1395 1448 1493 1473 eum
1539 1432 1671 1488 plene
1712 1432 1778 1472 in-

400 1518 564 1550 struere
604 1510 659 1562 (et
693 1510 906 1549 ordinarie}
943 1509 986 1548 in
1021 1508 1206 1560 scriptis)
1248 1507 1422 1547 debebit
1448 1515 1537 1547 tam
1568 1506 1620 1547 de
1647 1506 1776 1546 modo

402 1583 678 1638 procedendi,
707 1598 837 1638 quam
870 1583 921 1623 de
952 1582 1121 1632 mediis,
1159 1581 1316 1636 quibus
1354 1596 1452 1622 eum
1489 1581 1553 1621 uti
1585 1580 1688 1621 velit
1722 1580 1776 1620 ad

403 1658 550 1708 finem,
573 1671 701 1711 quem
723 1656 768 1696 in
791 1656 934 1696 animo
955 1656 1100 1696 habet.
1165 1656 1246 1695 Per
1277 1655 1470 1695 crebram
1502 1654 1630 1694 etiam
1661 1653 1776 1694 litte-

401 1745 545 1770 rarum
583 1730 1033 1780 communicationem,
1071 1734 1282 1783 quantum
1316 1728 1408 1768 fieri
1448 1735 1607 1782 potest,
1640 1727 1775 1768 totius

402 1819 627 1845 successus
651 1804 804 1844 certior
825 1803 1019 1844 redditus
1042 1818 1093 1843 ex
1116 1817 1164 1843 eo
1187 1802 1294 1853 loeo,
1316 1802 1391 1842 ubi
1412 1801 1505 1857 ipse
1526 1801 1685 1842 residet
1711 1802 1775 1854 (ut

401 1893 611 1933 personae,
634 1886 676 1918 et
706 1877 879 1932 negotia
910 1876 1144 1931 exegerint)
1181 1875 1374 1926 consilio,
1397 1881 1440 1916 et
1469 1875 1561 1916 aliis
1593 1875 1776 1926 auxiliis,

402 1966 673 2006 quaecunque
705 1951 899 1991 adhiberi
935 1950 1118 2005 possint,
1150 1949 1409 2004 providebit,
1437 1957 1486 1989 ut
1517 1949 1656 2004 majus
1688 1963 1776 1990 ser-

400 2026 554 2066 vitium
578 2026 672 2066 Deo
695 2025 784 2076 fiat,
807 2024 1031 2079 magisque
1064 2039 1293 2064 commune
1325 2023 1490 2064 bonum
1522 2038 1600 2078 per
1628 2037 1775 2078 perso-

402 2114 479 2140 nas
504 2099 730 2140 Soeietatis
755 2099 958 2153 juvetur:
993 2099 1110 2152 quod
1131 2106 1253 2138 tanto
1275 2097 1427 2152 majori
1449 2112 1551 2138 cura
1580 2097 1776 2152 praestari

403 2174 576 2214 debebit
596 2190 607 2224 3
639 2181 802 2228 quanto
824 2173 986 2227 negotii
1009 2172 1192 2226 qualitas
1219 2173 1351 2226 (quod
1372 2172 1440 2213 vel
1468 2183 1595 2227 grave
1619 2170 1688 2221 sit,
1709 2170 1776 2211 vel

404 2249 589 2301 difficile)
616 2256 658 2288 et
679 2262 977 2303 personarum,
1000 2261 1096 2301 quae
1118 2246 1261 2287 missae
1285 2255 1387 2288 sunt
1413 2246 1546 2301 (quod
1574 2245 1643 2287 vel
1673 2259 1775 2286 con-

405 2323 514 2373 silio,
536 2323 603 2363 vel
624 2322 908 2363 instructione
931 2321 1169 2375 indigeant)
1196 2321 1241 2361 id
1261 2321 1398 2376 magis
1421 2321 1566 2376 exigit.

521 2533 583 2560 DE
610 2533 795 2560 LIBERA
820 2533 885 2560 AD
912 2532 1044 2560 HANG
1070 2532 1165 2558 VEL
1192 2532 1346 2558 ILLAM
1376 2531 1573 2559 PARTEM

869 2606 1226 2634 PROFECTIONE.

924 2676 1054 2717 CAP.
1088 2677 1175 2717 III.

409 2758 638 2801 QUANVIS
663 2774 809 2799 corum
833 2760 901 2810 sit,
919 2760 992 2813 qui
1016 2760 1096 2799 sub
1111 2760 1354 2801 obedientia
1372 2759 1597 2801 Societatis
1611 2758 1777 2810 vivunt,
