1987 3374
190 967 214 1002 [Ο

681 327 802 353 PARS
838 327 1067 353 SEPTIMA.
1570 323 1621 359 83

243 451 503 492 quocunque
526 436 723 490 gentium
746 437 801 476 ad
831 437 1038 491 majorem
1062 437 1145 478 Dei
1177 437 1357 492 gloriam
1390 445 1430 479 et
1464 441 1626 481 anima-

241 525 338 551 rum
360 510 568 551 auxilium
596 510 708 551 inter
740 511 903 562 fideles,
936 511 1002 552 vel
1033 511 1246 563 infideles,
1278 528 1357 554 nos
1390 514 1626 557 mittendos

243 584 475 637 censuerit,
497 599 576 626 nos
600 586 886 627 conferamus.
949 586 1043 627 Nec
1076 586 1287 629 intellexit
1311 588 1503 630 Societas
1530 605 1629 645 par-

244 659 468 701 ticularem
490 660 679 715 aliquem
699 661 844 702 locum
861 678 873 712 3
906 662 982 702 sed
1003 669 1052 702 ut
1073 677 1151 717 per
1182 662 1331 704 orbem
1362 663 1407 704 in
1440 664 1629 706 diversas

245 737 460 793 regiones,
483 745 526 778 et
547 737 642 778 loca
674 737 726 778 ab
759 753 808 778 eo
842 746 1141 794 spargeretur:
1175 739 1275 780 cum
1307 748 1491 796 optaret,
1513 742 1631 796 quod

245 813 364 853 factu
386 811 602 867 optimum
625 820 752 864 esset,
775 812 946 868 eligere,
975 813 1105 869 idque
1138 823 1329 869 speraret
1360 815 1572 868 futurum,
1595 817 1631 857 si

246 888 360 928 hanc
381 886 518 942 ipsius
542 887 895 928 distributionem
919 902 1116 929 summus
1140 889 1343 930 Pontifex
1363 890 1536 932 faceret.

248 962 307 1002 Et
328 961 373 1002 in
394 962 476 1002 hac
497 966 633 1016 parte,
650 962 750 1002 cum
772 977 946 1003 omnem
968 963 1193 1018 proprium
1217 979 1393 1005 sensum
1417 980 1465 1006 ac
1480 966 1634 1007 volun-

247 1044 382 1077 tatem
415 1035 591 1077 Christo
623 1036 815 1077 Domino
845 1044 1009 1088 nostro,
1043 1046 1085 1078 et
1115 1037 1207 1093 ejus
1239 1038 1410 1080 Vicario
1441 1040 1633 1082 Societas

248 1110 494 1166 subjecerit,
528 1126 607 1152 nec
643 1111 911 1167 Praepositus
950 1111 1176 1154 Generalis
1212 1113 1440 1156 Societatis
1476 1130 1555 1171 pro
1590 1132 1633 1158 se

248 1185 359 1241 ipso,
381 1200 462 1227 nec
493 1185 725 1241 quisquam
757 1186 867 1227 alius
900 1201 951 1227 ex
983 1186 1258 1229 inferioribus
1289 1203 1367 1244 pro
1391 1204 1435 1230 se
1456 1190 1525 1231 vel
1555 1205 1634 1246 pro

250 1260 333 1302 alio
375 1275 523 1302 curare
566 1276 645 1303 nec
689 1269 855 1303 tentare
897 1262 1099 1315 mediate,
1140 1263 1208 1304 vel
1249 1264 1497 1306 immediate
1535 1280 1634 1307 cum

252 1351 424 1377 summo
459 1336 688 1386 Pontifice,
711 1336 779 1377 vel
802 1335 895 1391 ejus
918 1337 1127 1379 ministris
1149 1338 1337 1393 poterit3
1369 1348 1417 1380 ut
1449 1340 1633 1382 residere

251 1410 320 1451 vel
340 1410 456 1452 mitti
476 1410 624 1465 potius
645 1410 687 1451 in
712 1411 825 1451 hanc
856 1420 1039 1466 partem,
1063 1427 1194 1467 quam
1226 1413 1270 1453 in
1302 1413 1419 1454 illam
1452 1414 1606 1456 debeat
1626 1433 1634 1457 :

253 1485 330 1526 sed
365 1485 588 1526 inferiores
629 1486 742 1526 hanc
785 1500 933 1527 curam
975 1486 1221 1528 universam
1264 1503 1435 1530 summo
1473 1489 1637 1531 Christi

252 1560 425 1602 Vicario
453 1575 501 1602 ac
525 1561 745 1616 Superiori
767 1576 844 1602 suo
859 1578 870 1612 3
905 1561 1109 1617 Superior
1138 1563 1253 1614 vero,
1285 1565 1402 1619 quod
1433 1565 1487 1606 ad
1516 1580 1638 1606 suam

253 1649 485 1691 personam
517 1635 688 1687 attinet,
721 1650 891 1676 summo
916 1636 1133 1688 Pontifici,
1162 1643 1203 1678 et
1240 1638 1324 1693 ipsi
1357 1639 1562 1681 Societati
1592 1641 1639 1681 in

255 1710 449 1751 Domino
471 1709 701 1765 relinquat.

258 1785 483 1835 Praeterea,
523 1784 598 1840 qui
629 1799 653 1825 a
685 1800 855 1827 summo
889 1786 1099 1828 Pontifice
1132 1787 1385 1843 designatus
1416 1789 1561 1840 suerit,
1592 1799 1641 1831 ut

257 1859 401 1914 aliquo
445 1874 489 1900 se
532 1860 750 1911 conferat3
804 1861 995 1916 seipsum
1037 1861 1285 1915 liberaliter,
1327 1878 1372 1904 re
1415 1865 1641 1920 temporali

257 1934 378 1976 nulla
397 1949 476 1990 pro
497 1934 653 1975 viatico
676 1950 754 1989 per
775 1950 834 1986 se,
857 1936 923 1976 vel
945 1951 1022 1990 per
1044 1936 1175 1977 alium
1207 1938 1440 1992 postulata,
1463 1940 1612 1981 offerat
1630 1957 1642 1991 3

258 2010 365 2064 quin
390 2008 537 2064 potius
575 2009 635 2050 sic
668 2010 772 2050 velit
803 2024 827 2050 a
861 2025 1031 2051 summo
1066 2011 1275 2053 Pontifice
1307 2013 1435 2065 mitti,
1469 2020 1519 2055 ut
1550 2015 1642 2070 ejus

261 2083 479 2126 Sanctitas
502 2083 556 2124 ad
577 2083 742 2138 gratius
765 2083 850 2125 Dei
877 2092 920 2125 et
952 2085 1065 2126 sedis
1088 2086 1353 2141 Apostolicae
1385 2088 1642 2143 obsequium

260 2161 365 2212 fore,
388 2159 506 2200 nulla
526 2159 587 2200 rei
609 2160 784 2201 alterius
806 2160 851 2201 in
873 2175 922 2202 eo
945 2161 1093 2203 habita
1114 2162 1294 2214 ratione,
1318 2163 1593 2218 judicaverit.

203 2241 229 2276 4
264 2234 310 2277 Si
333 2249 530 2276 summus
554 2234 755 2275 Pontifex
775 2249 1006 2290 personam
1034 2251 1122 2277 non
1155 2237 1429 2293 (lesignaret3
1463 2240 1539 2280 sed
1570 2240 1645 2280 ali-

263 2324 408 2364 quem,
443 2309 511 2350 vel
543 2309 689 2364 plures
726 2310 780 2350 ad
820 2310 952 2362 hunc,
986 2310 1054 2352 vel
1093 2311 1216 2353 illum
1252 2312 1397 2354 locuni
1430 2315 1645 2369 proficisci

256 2383 446 2439 juberet,
489 2383 730 2439 Superioris
772 2384 947 2426 arbitrio
994 2385 1294 2441 relinquendo,
1347 2388 1421 2442 qui
1463 2389 1550 2430 sint
1592 2391 1645 2431 ad

263 2458 517 2514 hujusmodi
556 2458 808 2500 missionem
859 2460 1080 2515 aptiores:
1135 2460 1341 2516 Superior
1385 2462 1512 2517 juxta
1553 2463 1645 2518 ejus

263 2540 534 2592 praeceptum
562 2551 650 2587 eos,
679 2535 753 2590 qui
780 2537 918 2592 magis
953 2537 1197 2589 convenire,
1227 2546 1270 2578 et
1299 2538 1485 2593 aptiores
1517 2540 1571 2580 ad
1602 2540 1647 2581 id

264 2611 354 2652 fore
382 2610 661 2662 videbuntur,
697 2611 954 2667 designabit.
1019 2613 1119 2656 Qua
1151 2613 1196 2653 in
1233 2628 1277 2654 re
1309 2613 1449 2669 majus
1481 2614 1645 2656 bonum

264 2686 505 2729 universale
527 2687 781 2740 intuebitur,
796 2696 838 2730 et
860 2696 908 2729 ut
931 2703 1061 2744 quam
1084 2688 1314 2730 minimum
1337 2689 1646 2731 detrimentum

265 2762 347 2803 alia
368 2778 512 2819 opera,
534 2778 631 2819 quae
653 2765 708 2806 ad
730 2764 814 2806 Dei
836 2764 1092 2820 obsequium
1116 2772 1318 2820 suscepta
1339 2765 1514 2817 fuerint,
1536 2766 1646 2821 pati-

267 2845 410 2880 antur.
