2004 3294
338 293 417 330 102
827 297 1258 327 CONSTITUTIONUM

424 424 551 450 suum
581 416 763 459 mutare,
800 423 877 449 nee
914 415 1087 463 peraeta
1119 406 1323 448 electione
1355 405 1480 446 aliam
1509 412 1700 446 tentare:
1745 412 1788 445 et

423 483 633 534 observet,
655 497 751 537 quae
774 482 888 522 dicta
910 489 1025 532 sunt,
1048 481 1121 535 qui
1144 480 1307 521 dissidii
1329 495 1377 520 ac
1404 480 1539 520 ruinae
1563 479 1788 521 Societatis

424 557 578 597 author
617 556 779 606 haberi,
812 563 854 596 et
894 555 939 595 in
980 568 1151 609 poenam
1199 552 1651 594 excommunicationis
1691 552 1788 592 latae

423 629 646 670 sententiae
667 628 867 678 incidere,
890 627 1076 681 aliasque
1099 641 1248 681 graves
1280 639 1481 666 censuras
1511 640 1590 680 pro
1613 624 1786 666 arbitrio

425 702 649 744 Societatis
695 702 779 755 (cui
819 701 937 752 unio,
979 708 1021 741 et
1062 700 1290 741 concordia
1330 699 1576 740 omnimoda
1611 699 1666 739 ad
1706 698 1790 739 Dei

425 776 603 832 gloriam
625 775 840 827 convenit)
868 774 1009 815 subire
1031 773 1153 815 nolit.

373 1045 435 1071 DE
460 1044 595 1072 MODO
620 1045 670 1071 IN
696 1043 1185 1071 DELIBERATIONIBUS
1209 1042 1456 1080 TENENDO,
1480 1041 1683 1072 QUANDO
1708 1041 1759 1069 IN

462 1118 878 1146 CONGREGATIONE
904 1117 1160 1145 GENERALI
1185 1116 1283 1144 NON
1309 1117 1370 1143 DE
1396 1115 1675 1143 ELECTIONE

544 1191 825 1227 PRAEPOSITI,
850 1191 937 1217 SED
962 1191 1092 1217 ALIIS
1117 1190 1178 1216 DE
1204 1190 1360 1217 REBUS
1386 1189 1588 1216 AGITUR.

932 1267 1062 1308 CAP.
1093 1267 1199 1308 VH.

371 1364 390 1399 1
427 1358 532 1400 Cim
564 1359 609 1399 in
633 1358 977 1414 Congregatione
1007 1373 1095 1399 non
1127 1358 1179 1399 de
1210 1357 1415 1399 electione
1448 1357 1687 1412 Praepositi,
1719 1357 1795 1398 sed

427 1433 519 1474 aliis
556 1433 608 1474 de
641 1433 778 1474 rebus<
805 1432 1022 1488 gravibus,
1056 1440 1098 1473 et
1130 1432 1184 1473 ad
1215 1438 1375 1473 statum
1405 1431 1630 1473 Societatis
1662 1431 1793 1486 perti-

427 1507 631 1548 nentibus
660 1506 830 1561 agitur,
875 1506 1058 1547 inclusio
1089 1505 1327 1547 necessaria
1357 1520 1446 1547 non
1473 1505 1577 1546 erit:
1608 1504 1709 1545 licet
1739 1504 1795 1545 sit

427 1581 680 1632 curandum,
721 1588 786 1631 ut,
827 1595 958 1634 quam
999 1579 1317 1635 expeditissime
1358 1578 1450 1620 fieri
1490 1578 1663 1633 poterit,
1696 1592 1793 1632 quae

428 1656 652 1696 tractanda
692 1662 807 1706 sunt,
850 1655 1140 1696 absolvantur.
1204 1655 1290 1695 Sed
1331 1654 1431 1708 quia
1471 1668 1523 1694 ex
1572 1653 1712 1708 prima
1752 1659 1794 1694 et

427 1743 595 1770 summa
618 1728 837 1783 Sapientia
858 1728 1089 1769 descendat
1121 1732 1290 1782 oportet
1320 1727 1394 1768 lux
1425 1741 1487 1778 ea,
1510 1741 1596 1781 qua
1636 1725 1793 1781 dijudi-

427 1802 513 1843 cari
534 1802 686 1857 possit,
709 1802 813 1856 quid
835 1809 1021 1843 statuere
1043 1801 1294 1852 conveniat3
1326 1801 1368 1841 in
1392 1800 1540 1856 primis
1556 1800 1793 1841 Missarum

429 1876 635 1917 sacrificia
663 1875 895 1917 offerentur
911 1891 922 1926 3
969 1875 1127 1928 fietque
1156 1874 1289 1915 oratio
1320 1874 1365 1914 in
1395 1874 1489 1915 loco
1512 1873 1795 1929 Congregati-

428 1950 537 2000 onis,
559 1958 601 1989 et
623 1948 714 1990 aliis
735 1948 931 2003 partibus
954 1947 1179 1988 Societatis
1210 1962 1286 2002 per
1316 1952 1455 1988 totum
1482 1947 1589 1987 illud
1609 1954 1796 2001 tempus,

429 2037 514 2077 quo
537 2029 867 2077 congregantur,
890 2029 932 2062 et
954 2036 1038 2075 quo
1059 2026 1300 2062 tractantur
1328 2035 1395 2061 res
1426 2020 1470 2061 in
1493 2035 1542 2062 eo
1566 2019 1795 2062 Conventu

430 2096 700 2147 definiendae,
722 2096 776 2136 ad
797 2095 977 2151 gratiam
998 2095 1312 2150 impetrandam
1330 2112 1340 2146 3
1382 2104 1431 2136 ut
1461 2095 1606 2137 omnia
1632 2095 1687 2136 ad
1707 2108 1796 2136 ma-

425 2171 565 2226 jorem
588 2171 671 2211 Dei
693 2170 871 2225 gloriam
894 2170 1226 2211 constituantur.

376 2250 399 2285 2
434 2244 603 2285 Deinde
626 2243 757 2285 semel
778 2251 852 2284 aut
875 2243 1033 2298 saepius
1055 2243 1255 2284 omnibus
1278 2245 1562 2299 congregatis,
1586 2243 1797 2298 Praeposi-

430 2326 501 2358 tus
535 2317 771 2368 Generalis,
803 2317 956 2358 deinde
990 2317 1289 2368 Provinciales,
1313 2318 1532 2368 Rectores,
1554 2316 1709 2371 aliique
1741 2316 1795 2357 ad

434 2391 822 2446 Congregationem
856 2391 1009 2441 vocati,
1046 2405 1141 2444 quae
1178 2390 1237 2431 eis
1271 2391 1495 2431 tractanda
1522 2390 1797 2441 videbuntur,

433 2466 705 2520 rationesque
742 2480 903 2516 corum,
941 2480 1037 2519 quae
1074 2465 1280 2516 sentiunt,
1311 2470 1543 2520 postquam
1574 2464 1799 2520 diligenter

435 2539 578 2579 omnia
610 2538 986 2589 consideraverint,
1013 2553 1060 2579 ac
1093 2539 1187 2579 Deo
1214 2548 1255 2579 et
1284 2539 1474 2580 Domino
1503 2546 1651 2579 nostro
1683 2551 1800 2579 com-

436 2612 745 2663 mendavcrint,
783 2627 924 2654 coram
962 2612 1162 2654 omnibus
1198 2613 1383 2654 breviter
1417 2619 1690 2668 proponent3
1741 2611 1801 2651 Et

439 2694 667 2739 postquam
686 2686 870 2728 dixerint
892 2686 1148 2728 sententiam
1172 2701 1307 2738 suam,
1324 2686 1415 2741 ejus
1437 2700 1650 2728 summam
1667 2684 1801 2739 scrip-
