1987 3374
762 300 883 326 PARS
918 299 1068 327 xoxA.
1564 293 1642 329 113

271 424 366 464 quae
389 409 533 450 omnia
563 409 628 450 vel
657 424 827 464 augere,
855 410 923 451 vel
951 410 1206 450 imminuere
1236 411 1392 465 poterit
1427 412 1646 463 Societas:

266 492 396 539 prout
431 484 717 539 Praepositum
746 485 891 540 ipsum
929 500 977 525 ac
1010 500 1053 525 se
1087 485 1250 536 decere,
1283 493 1325 526 et
1354 486 1450 526 Deo
1482 487 1646 541 gratius

267 559 356 599 fore
380 558 610 614 judicabit.
673 559 732 599 Et
760 559 861 599 huic
895 559 1121 600 Societatis
1151 559 1411 602 ordinationi
1434 560 1648 615 Praeposi-

269 641 363 674 tum
387 633 655 688 acquiescere
678 633 907 689 oportebit.

270 708 471 749 Secunda
504 709 557 749 ad
594 709 784 764 corporis
822 723 969 749 curam
1006 708 1208 764 pertinet,
1245 723 1299 750 ne
1333 709 1377 749 in
1413 708 1648 760 laboribus,

268 783 336 824 vel
363 783 503 838 rigore
537 783 671 824 nimio
704 798 953 824 mensuram
991 783 1182 824 excedat.
1247 783 1346 826 Qua
1374 783 1502 824 etiam
1530 784 1575 825 in
1603 799 1648 825 re

270 857 325 897 ad
354 857 696 898 moderationem
723 871 766 897 se
798 857 947 897 reduci
979 857 1090 898 sinet
1115 857 1333 912 Superior,
1356 866 1398 898 et
1422 857 1649 899 Societatis

268 930 443 971 arbitrio
465 930 722 985 acquiescet.

269 1005 415 1045 Tertia
436 1005 491 1045 ad
512 1005 701 1045 animam
723 1004 816 1059 ejus
839 1012 1007 1060 spectat
1015 1022 1026 1056 3
1059 1005 1157 1046 cum
1175 1005 1304 1046 etiam
1325 1007 1429 1046 viris
1443 1007 1651 1059 perfectis

269 1078 502 1133 aliquando
531 1078 783 1134 hujusmodi
813 1093 916 1119 cura
942 1078 1010 1119 vel
1038 1079 1150 1120 circa
1177 1094 1422 1135 personam,
1443 1080 1511 1121 vel
1540 1080 1651 1121 circa

269 1152 459 1193 officium
482 1152 538 1194 sit
559 1153 811 1194 necessaria.
876 1152 1049 1194 Habeat
1071 1168 1172 1208 ergo
1197 1153 1390 1194 Societas
1413 1169 1512 1195 cum
1536 1155 1651 1196 Prae-

268 1226 411 1282 posito
445 1226 647 1268 Generali
687 1228 745 1279 (et
777 1226 892 1267 idem
927 1241 1027 1267 cum
1060 1226 1334 1268 inferioribus
1363 1228 1454 1269 fieri
1484 1231 1646 1283 posset)

270 1301 472 1356 aliquem,
502 1302 577 1356 qui
605 1302 814 1343 accedens
846 1302 901 1342 ad
929 1302 1075 1342 Deum
1102 1302 1147 1342 in
1177 1302 1383 1353 oratione,
1415 1310 1650 1358 postquam

271 1375 462 1416 divinam
488 1374 730 1417 bonitatem
759 1376 1039 1427 consuluerit,
1069 1384 1111 1416 et.
1142 1391 1316 1431 aequum
1343 1391 1435 1417 esse
1464 1377 1509 1418 id
1533 1377 1650 1432 judi-

270 1451 444 1502 caverit,
473 1465 573 1492 cum
601 1451 813 1492 modestia
835 1451 993 1502 debita,
1017 1466 1064 1492 ac
1086 1451 1344 1503 humilitate,
1368 1452 1474 1506 quid
1495 1453 1653 1494 sentiat

270 1528 315 1566 in
336 1525 432 1580 ipso
452 1525 689 1580 Praeposito
711 1525 870 1580 requiri
892 1526 946 1566 ad
966 1525 1106 1580 majus
1129 1525 1385 1580 obsequium
1408 1534 1450 1567 et
1471 1526 1651 1581 gloriam

270 1600 370 1651 Dei,
399 1600 629 1640 admonere
664 1600 846 1651 debeat3
894 1600 982 1640 sive
1013 1600 1083 1640 ille
1122 1600 1176 1641 sit
1208 1600 1300 1655 ejus
1337 1600 1651 1654 Confessarius,

271 1674 358 1715 sive
395 1674 504 1714 alius
542 1673 757 1729 quispiam
790 1688 869 1728 per
907 1673 1167 1715 Societatem
1202 1675 1469 1729 designatus,
1499 1676 1573 1730 qui
1598 1677 1652 1717 ad

269 1748 352 1789 hoc
374 1747 598 1802 negotium
621 1747 751 1801 quam
772 1747 958 1788 maxime
980 1755 1109 1802 aptus
1130 1747 1339 1789 videatur.

273 1821 440 1865 Quarta
461 1828 540 1872 est,
563 1821 696 1876 quod,
720 1821 853 1876 siquis
875 1830 1047 1877 urgeret
1074 1821 1189 1875 (licet
1220 1837 1318 1862 eum
1348 1837 1436 1863 non
1459 1822 1653 1878 obligan-

271 1897 330 1939 do
354 1896 435 1938 sub
457 1911 587 1952 poena
606 1896 788 1952 peccati)
814 1904 864 1937 ut
894 1896 1151 1951 dignitatem
1181 1897 1369 1951 aliquam
1392 1898 1653 1950 admitteret,

271 1971 317 2012 in
340 1986 426 2026 qua
443 1970 671 2026 Praepositi
693 1970 882 2011 officium
904 1971 1146 2011 necessario
1169 1971 1503 2025 relinquendum
1525 1982 1653 2024 esset,

271 2061 360 2087 non
382 2053 530 2101 posset
553 2046 644 2086 sine
667 2060 882 2086 consensu
906 2045 1132 2086 Societatis
1155 2061 1249 2086 eam
1272 2047 1510 2088 admittere.
1575 2048 1653 2089 So-

273 2121 405 2162 cietas
427 2128 587 2171 autem,
611 2135 780 2175 semper
812 2119 1024 2161 intuendo
1058 2135 1154 2175 quae
1187 2121 1241 2161 ad
1262 2120 1401 2176 majus
1424 2121 1507 2163 Dei
1530 2122 1653 2164 obse-

273 2198 425 2251 qujum
448 2201 490 2236 et
511 2195 690 2250 gloriam
712 2194 947 2250 pertinent,
971 2195 1006 2235 si
1028 2195 1274 2236 obedientia
1297 2196 1409 2237 sedis
1432 2197 1653 2252 Apostoli-

274 2285 335 2311 cae
356 2285 445 2311 non
468 2269 737 2325 compulerit,
760 2283 985 2310 assensum
1007 2284 1232 2324 nunquam
1254 2270 1491 2325 praestabit.

277 2343 444 2387 Quinta
463 2343 607 2385 locum
628 2343 773 2394 habet,
797 2343 831 2384 si
854 2343 1079 2395 accideret,
1100 2352 1150 2384 ut
1172 2344 1294 2385 valde
1326 2345 1565 2400 negligens,
1587 2347 1655 2387 vel

273 2417 480 2459 remissus
517 2425 629 2459 esset
664 2417 709 2458 in
742 2417 872 2458 rebus
906 2417 1053 2472 magni
1087 2418 1297 2459 momenti
1338 2419 1393 2459 ad
1428 2419 1654 2474 Praepositi

274 2491 463 2533 officium
483 2491 803 2547 pertinentibus
824 2500 1002 2547 propter
1024 2492 1214 2547 corporis
1237 2507 1410 2548 gravem
1432 2493 1654 2548 &egritudi-

274 2581 390 2618 nem,
412 2574 486 2608 aut
515 2567 698 2617 senium,
728 2581 804 2621 spe
831 2567 1146 2608 emendationis
1178 2582 1227 2608 ea
1258 2567 1302 2607 in
1323 2576 1444 2622 parte
1468 2567 1653 2621 sublata,

273 2641 390 2682 unde
431 2640 620 2682 multum
661 2640 908 2682 detrimenti
949 2641 1174 2697 publicum
1215 2641 1381 2683 bonum
1418 2650 1652 2698 pateretur.

272 2717 398 2757 Tunc
429 2715 544 2757 enim
568 2715 820 2771 Coadjutor,
842 2716 909 2757 vel
930 2716 1142 2767 vicarius,
1165 2716 1238 2772 qui
1263 2716 1487 2758 Generalis
1511 2718 1649 2759 officio

272 2791 494 2847 fungatur,
523 2799 587 2832 est
621 2790 872 2846 eligendus3
916 2791 1002 2833 sive
1034 2791 1215 2846 ipsemet
1251 2792 1513 2848 Praepositus
1551 2808 1650 2833 eum
