1987 3374
672 324 793 350 PARS
829 323 1046 353 QUARTA.
1537 318 1588 352 35

184 485 243 512 DE
271 485 349 522 IIS,
373 485 481 515 QUAE
507 486 573 513 AD
599 486 930 514 ADMITTENDA
956 487 1014 514 ET
1040 487 1403 517 RELINQUENDA
1430 489 1542 515 COL-

245 560 412 598 LEGIA,
436 561 495 587 ET
520 560 691 589 EORUM
718 561 806 589 RES
830 561 1158 589 TEMPORALES
1185 562 1484 590 PERTINENT.

751 631 881 673 CAP.
917 631 976 673 ΙΙ.

162 720 181 756 1
216 716 290 757 AD
321 715 528 771 Collegia,
563 731 659 771 quae
698 715 830 757 libere
868 715 1072 758 societati
1106 716 1360 767 offeruntur,
1388 724 1437 758 ut
1467 716 1594 772 juxta

218 805 317 831 suas
340 789 688 832 constitutiones
712 790 888 832 omnino
911 790 972 832 eis
993 797 1155 842 utatur,
1178 790 1460 842 admittenda,
1480 790 1593 831 Prae-

217 865 386 920 positus
404 865 628 906 Generalis
650 865 824 907 nomine
846 865 981 906 totius
1004 864 1232 906 Societatis
1253 865 1427 920 plenam
1449 873 1594 920 potes-

217 943 352 979 tatem
373 938 564 980 habebit.

158 1019 182 1054 2
216 1011 263 1054 Si
284 1012 320 1053 F
322 1012 509 1053 undator
530 1012 694 1067 aliquas
715 1012 985 1054 conditiones
1007 1012 1195 1068 exigeret
1217 1012 1357 1054 ordini
1390 1027 1438 1053 ac
1461 1013 1591 1054 modo

215 1087 479 1142 procedendi
521 1087 726 1129 Societati
767 1096 974 1129 consueto
1023 1088 1201 1129 minime
1254 1096 1594 1139 consentaneas3

216 1161 356 1203 eidem
391 1162 629 1218 Praeposito
673 1162 876 1204 Generali
921 1163 1095 1217 (auditis
1139 1164 1365 1205 sententiis
1399 1163 1594 1214 aliorum,

216 1251 325 1292 quos
346 1237 437 1292 ipse
460 1237 513 1278 de
540 1237 791 1293 hujusmodi
819 1237 948 1279 rebus
979 1238 1133 1279 melius
1157 1238 1353 1294 judicare
1383 1238 1590 1292 censebit)

216 1311 578 1353 considerandum
609 1311 893 1367 relinquatur,
925 1327 979 1354 an
1008 1313 1211 1355 omnibus
1239 1313 1464 1369 perpensis
1489 1312 1593 1354 utile

217 1385 273 1427 sit
293 1387 490 1428 futurum
514 1386 718 1428 Societati
749 1387 803 1428 ad
834 1387 967 1428 finem
999 1387 1133 1428 divini
1164 1388 1339 1440 servitii,
1362 1403 1491 1443 quem
1514 1387 1595 1429 sibi

216 1460 417 1516 praefixit,
442 1460 693 1516 hujusmodi
720 1460 963 1516 Collegium
995 1461 1235 1513 admittere,
1267 1476 1347 1503 nec
1378 1477 1446 1504 ne.
1509 1462 1595 1503 Sed

218 1534 255 1575 si
290 1534 498 1590 temporis
532 1535 718 1576 decursu
755 1550 800 1576 se
836 1535 1002 1591 gravari
1037 1551 1086 1576 eo
1120 1551 1248 1577 onere
1283 1535 1594 1577 animadvertet

219 1608 426 1659 Societas,
446 1608 607 1663 poterit
635 1608 730 1664 ipsa
759 1609 804 1650 in
828 1609 1174 1664 Congregatione
1203 1610 1391 1664 generali
1421 1610 1466 1650 id
1496 1625 1594 1665 pro-

216 1697 392 1738 ponere,
413 1690 456 1723 et
478 1689 682 1734 statuere,
699 1690 749 1724 ut
771 1683 1041 1738 relinquatur
1058 1684 1302 1739 Collegium
1319 1684 1594 1739 hujusmodi3

217 1756 285 1797 vel
305 1756 566 1812 prospicere,
588 1765 638 1798 ut
659 1772 769 1798 onus
792 1764 1070 1813 temperetur,
1092 1757 1160 1798 vel
1188 1758 1316 1809 certe,
1337 1763 1387 1798 ut
1409 1758 1463 1798 ad
1485 1773 1594 1799 onus

217 1830 264 1872 id
303 1831 530 1872 ferendum
570 1831 681 1873 vires
723 1831 905 1887 majores
947 1832 1235 1887 praebeantur.
1311 1833 1408 1874 Hoc
1450 1838 1592 1874 tamen

218 1905 384 1947 dictum
421 1905 491 1958 sit,
533 1906 568 1947 si
610 1914 709 1947 ante
753 1906 1146 1962 Congregationem
1188 1907 1438 1963 hujusmodi
1482 1908 1595 1948 Prae-

217 1979 387 2035 positus
425 1979 650 2021 Generalis
691 1980 793 2021 huic
829 1980 1120 2032 incommodo,
1157 1990 1285 2036 prout
1321 1982 1366 2022 in
1404 1982 1594 2023 Domino

218 2053 435 2105 convenit,
457 2068 545 2095 non
568 2053 814 2095 occurrerit.

159 2133 184 2168 3
217 2128 289 2168 Ad
315 2127 613 2182 relinquenda,
644 2127 711 2168 vel
737 2127 962 2169 alienanda
993 2128 1197 2184 Collegia,
1222 2137 1295 2170 aut
1324 2129 1474 2170 domos
1502 2129 1594 2184 jam

217 2202 426 2243 admissas
449 2201 713 2257 Praepositus
738 2201 962 2243 Generalis
985 2202 1113 2243 simul
1144 2218 1244 2244 cum
1265 2203 1359 2258 ipsa
1383 2204 1593 2245 Societate

216 2281 475 2332 potestatem
508 2275 697 2318 habebit.
760 2276 873 2317 Cum
909 2276 1025 2317 enim
1066 2276 1111 2317 id
1153 2277 1208 2318 sit
1242 2278 1436 2333 perinde,
1474 2293 1521 2319 ac
1560 2279 1594 2319 si

217 2350 463 2391 membrum
486 2350 539 2391 ab
561 2350 653 2406 ejus
675 2364 852 2406 corpore
874 2350 1250 2406 praescinderetur,
1273 2360 1315 2393 et
1346 2367 1413 2393 res
1435 2352 1593 2407 alioqui

216 2432 428 2480 perpetua
447 2431 490 2466 et
510 2423 683 2480 majoris
705 2425 915 2467 momenti
938 2425 991 2466 sit
1010 2442 1021 2476 3
1053 2440 1153 2466 cum
1176 2440 1225 2467 ea
1254 2426 1456 2468 universa
1478 2442 1593 2468 com-

217 2499 428 2541 municari
449 2500 603 2541 melius
625 2508 703 2542 est.

159 2581 185 2617 4
219 2575 272 2616 In
303 2573 506 2630 Collegiis
537 2574 764 2616 Societatis
792 2590 871 2617 nee
903 2589 1017 2616 eurae
1047 2575 1287 2616 animarum
1320 2589 1399 2616 nec
1431 2575 1593 2631 obliga-

217 2649 356 2691 tiones
399 2649 453 2689 ad
495 2649 655 2690 Missas
698 2649 988 2701 celebrandas,
1030 2664 1168 2704 neque
1211 2648 1302 2690 aliae
1343 2649 1594 2705 hujusmodi

218 2724 518 2775 admittantur,
541 2739 637 2779 quae
669 2739 693 2765 a
722 2725 875 2766 studiis
905 2724 1139 2766 distrahere
1175 2724 1423 2775 admodum,
1457 2733 1498 2766 et
1530 2740 1592 2775 ea,

217 2813 313 2853 quae
335 2798 379 2840 in
407 2798 490 2840 illis
517 2799 571 2839 ad
593 2799 788 2841 divinum
810 2799 1066 2855 obsequium
1089 2804 1357 2854 quaeruntur,
1386 2799 1591 2855 impedire
