1987 3374
717 335 840 362 PARS
875 334 1094 365 QUARTA.
1580 326 1633 373 57

252 446 449 488 doctrina
472 445 738 487 Scholastica
760 445 863 487 Divi
882 446 1092 497 Thomae3
1124 454 1167 487 et
1188 446 1234 486 in
1261 461 1322 498 ea,
1348 461 1479 501 quam
1514 448 1630 490 Posi-

253 521 386 562 tivam
417 528 588 572 vocant,
617 520 832 576 eligentur
859 520 888 561 ii
920 521 1138 572 authores,
1164 520 1239 576 qui
1268 521 1322 562 ad
1351 536 1532 577 scopum
1555 537 1633 564 no-

253 603 392 637 strum
414 595 551 651 magis
574 594 802 637 convenire
827 594 1105 636 videbuntur.

253 669 385 713 Quod
407 669 561 711 attinet
590 670 644 710 ad
674 669 807 711 libros
838 669 1145 711 humaniorum
1175 669 1416 711 litterarum
1438 670 1633 722 Latinos,

251 743 320 785 vel
362 744 576 795 Graec0s3
627 743 895 785 abstineatur
945 744 991 784 in
1034 743 1403 786 Universitatibus
1446 759 1632 799 quoque,

251 818 620 873 quemadmodum
652 818 696 858 in
730 817 950 873 Collegiis,
982 818 1220 873 quoadejus
1252 818 1344 859 fieri
1371 818 1545 874 poterit,
1577 819 1630 860 ab

251 892 311 933 eis
350 891 575 948 juventuti
610 891 913 947 praelegendis,
941 892 986 932 in
1024 892 1183 946 quibus
1216 892 1271 933 sit
1304 892 1479 947 aliquid,
1512 893 1629 947 quod

248 965 375 1007 bonis
416 965 610 1007 moribus
653 980 806 1006 nocere
848 973 977 1020 queat
995 982 1006 1016 3
1054 966 1136 1007 nisi
1177 966 1297 1021 prius
1341 981 1364 1007 a
1405 967 1549 1018 rebus,
1586 975 1628 1008 et

247 1040 389 1082 verbis
409 1039 652 1081 inhonestis
673 1039 848 1095 purgati
869 1039 970 1081 sint.

192 1129 199 1132 ’
248 1115 302 1156 In
325 1115 502 1171 Logica,
523 1119 567 1156 et
590 1114 870 1170 Philosophia
891 1114 1106 1166 Naturali,
1138 1121 1179 1155 et
1212 1114 1386 1166 Morali,
1419 1122 1461 1156 et
1484 1115 1627 1156 Meta-

246 1190 429 1246 physica
458 1190 701 1232 doctrinam
732 1189 978 1231 Aristotelis
1008 1190 1201 1245 profiteri
1231 1190 1477 1246 oportebit3
1509 1196 1552 1232 et
1583 1192 1627 1232 in

247 1265 340 1307 aliis
361 1266 543 1308 Artibus
564 1265 827 1317 liberalibus,
850 1272 893 1307 et
923 1265 969 1306 in
1001 1266 1322 1307 commentariis
1352 1271 1442 1307 tam
1474 1265 1625 1321 hujus-

246 1340 366 1381 modi
401 1341 648 1392 authorum,
683 1340 812 1395 quam
848 1340 1154 1381 humaniorum
1187 1340 1443 1391 litterarum,
1477 1340 1625 1382 habito

247 1429 396 1456 eorum
438 1415 622 1467 delectu,
663 1414 945 1456 nominentur
992 1415 1035 1465 ii,
1077 1430 1185 1469 quos
1226 1414 1369 1456 videre
1412 1414 1625 1470 discipuli,

247 1504 442 1544 quosque
473 1489 556 1545 ipsi
587 1489 879 1544 Praeceptores
914 1504 1003 1544 prae
1038 1488 1129 1530 aliis
1166 1489 1210 1530 in
1248 1488 1458 1540 doctrina,
1495 1504 1626 1543 quam

246 1565 426 1606 tradunt
457 1564 578 1619 sequi
610 1564 809 1606 debeant.
872 1565 1032 1605 Rector
1054 1569 1198 1606 autem
1220 1564 1264 1605 in
1287 1564 1504 1616 omnibus,
1527 1579 1624 1619 quae

247 1639 461 1690 statuerit,
482 1639 687 1694 procedet
714 1638 840 1694 juxta
860 1638 918 1690 id,
941 1639 1059 1693 quod
1080 1639 1125 1679 in
1157 1638 1387 1680 universali
1411 1638 1623 1680 Societate

242 1713 381 1769 magis
403 1713 631 1755 convenire
654 1713 708 1754 ad
729 1713 813 1754 Dei
835 1713 1015 1768 gloriam
1039 1712 1320 1768 judicabitur.

535 1919 597 1946 DE
623 1918 879 1956 CURSIBUS,
904 1919 963 1946 ET
988 1919 1253 1946 GRADIBUS.

764 1988 894 2029 CAP.
928 1988 1028 2029 XV.

247 2073 304 2114 IN
346 2071 499 2113 litteris
540 2071 884 2122 humanioribus,
925 2079 967 2112 et
1017 2071 1176 2127 linguis
1222 2086 1374 2112 cursus
1416 2072 1621 2127 temporis

244 2146 456 2188 limitatus
484 2146 538 2187 ad
574 2160 720 2187 earum
758 2146 951 2187 studium
983 2146 1296 2187 absolvendum
1328 2161 1419 2187 esse
1457 2147 1621 2201 nequit,

244 2229 423 2278 propter
451 2221 725 2277 ingeniorum
757 2228 800 2262 et
831 2221 1037 2262 doctrinae
1079 2221 1325 2262 auditorum
1357 2221 1621 2272 varietatem,

245 2296 491 2351 multasque
522 2296 625 2337 alias
656 2310 834 2337 causas:
868 2311 964 2351 quae
996 2311 1084 2337 non
1116 2295 1242 2337 aliam
1274 2296 1480 2351 temporis
1511 2311 1621 2351 prae-

246 2370 502 2422 finitionem,
534 2385 664 2426 quam
695 2385 791 2426 quae
828 2370 1062 2425 unicuique
1099 2370 1327 2412 convenire
1363 2369 1489 2425 juxta
1518 2385 1621 2426 pru-

245 2446 388 2487 dentis
410 2446 621 2498 Rectoris,
641 2446 709 2487 vel
732 2445 986 2488 Cancellarii
1018 2445 1241 2486 arbitrium
1273 2444 1503 2496 videbitur,
1525 2460 1621 2500 per-

244 2520 440 2562 mittunt.

245 2596 299 2637 In
331 2595 506 2637 Artium
549 2595 693 2636 studio
735 2610 886 2636 cursus
929 2604 1055 2636 erunt
1097 2594 1339 2645 ordinandi,
1380 2594 1424 2634 in
1461 2594 1619 2649 quibus

245 2671 447 2714 Scientiae
479 2671 710 2712 Naturales
739 2671 810 2724 (ad
840 2686 946 2726 quas
980 2672 1140 2721 minus,
1165 2670 1295 2725 quam
1325 2670 1457 2711 trium
1485 2685 1619 2711 anno-

243 2760 355 2797 rum,
378 2745 568 2801 spatium
599 2745 702 2787 satis
733 2759 821 2786 non
854 2745 947 2799 erit)
983 2745 1302 2800 praelcgantur3
1334 2752 1490 2799 praeter
1511 2759 1618 2799 quos

243 2819 413 2862 medius
456 2821 597 2861 adhuc
641 2821 780 2862 annus
824 2821 877 2862 ad
920 2820 1065 2861 audita
1115 2819 1363 2875 repetenda,
1415 2826 1457 2860 et
1498 2826 1620 2860 actus
