1987 3374
676 337 800 366 PARs
833 337 1037 369 QUIN'PA.
1544 330 1596 367 65

218 448 449 491 fessionem
471 447 569 503 quis
591 447 862 500 admittatur,
884 448 928 488 in
951 461 1001 488 ca
1021 447 1225 488 facultate
1254 448 1337 489 hoc
1359 456 1532 504 tempus
1556 464 1599 491 se

219 523 474 575 exercuisse,
511 527 554 563 et
587 522 762 578 quidem
799 522 854 563 ad
890 521 1071 578 gloriam
1106 522 1190 563 Dei
1219 522 1322 563 satis
1351 522 1396 563 in
1425 537 1475 564 ea
1501 538 1600 578 pro-

220 597 372 639 fecisse
394 597 596 639 convenit
613 615 624 649 3
657 602 700 638 et
720 597 766 638 in
787 597 1008 652 profectus
1029 596 1282 652 hujusmodi
1303 597 1601 639 testimonium

222 672 405 727 quisque
428 679 527 713 ante
552 672 865 728 professionem
886 672 1161 713 Assertiones
1184 672 1383 727 Logices,
1408 672 1603 713 Philoso-

223 746 354 802 phiae,
396 754 439 787 et
489 746 737 801 Theologiae
791 746 1068 788 Scholasticae
1121 745 1326 788 tuebitur.
1405 747 1605 790 Quatuor

225 829 370 862 autem
386 821 442 862 ad
463 822 858 877 argumentandum
881 829 923 862 et
949 821 1236 876 judicandum
1259 822 1311 862 de
1334 837 1481 863 eorum
1505 823 1606 863 doc-

225 895 352 947 trina,
374 910 429 936 an
452 895 508 936 sit
529 902 692 950 quanta
714 901 899 950 oportet,
931 902 1062 950 prout
1087 895 1216 950 juxta
1245 896 1471 937 veritatem
1504 911 1606 951 syn-

226 969 322 1011 cere
343 969 570 1021 senserint,
593 970 851 1025 deligantur.
916 970 1048 1012 Quod
1071 969 1107 1010 si
1129 969 1326 1010 doctrina
1357 985 1405 1011 ea
1436 971 1607 1025 praediti

227 1059 335 1096 esse,
366 1059 463 1099 quae
493 1044 596 1085 satis
623 1044 693 1095 sit,
721 1059 811 1085 non
839 1044 1116 1085 invenientur
1132 1061 1144 1095 3
1177 1043 1492 1085 conducibilius
1515 1045 1608 1096 erit,

227 1127 292 1172 ut,
320 1120 458 1161 donec
487 1134 582 1161 eam
610 1128 948 1175 consequantur,
978 1127 1236 1175 expectent:
1272 1127 1321 1161 ut
1353 1119 1448 1161 illos
1480 1120 1608 1161 etiam

229 1202 454 1250 expectare
482 1194 715 1250 oportebit,
747 1194 823 1250 qui
850 1194 895 1235 in
928 1194 1214 1249 abnegatione
1247 1194 1314 1235 sui
1346 1194 1539 1250 ipsorum
1568 1203 1611 1236 et

229 1269 463 1311 virtutibus
486 1269 704 1325 Religioso
727 1269 871 1325 dignis
894 1269 1208 1321 testimonium,
1231 1269 1349 1324 quod
1379 1285 1457 1325 par
1484 1279 1611 1321 esset,

230 1344 428 1385 nondum
450 1343 629 1386 omnino
653 1344 909 1385 retulerunt.

233 1419 395 1460 Praeter
422 1419 518 1470 hos,
545 1417 747 1459 nonnulli
775 1418 830 1459 ad
855 1418 987 1459 trium
1016 1426 1215 1459 votorum
1249 1418 1490 1459 solennium
1514 1434 1613 1474 pro-

231 1494 464 1535 fessionem
486 1493 657 1534 admitti
677 1501 872 1549 possent,
888 1507 984 1535 raro
1006 1501 1167 1546 tamen,
1184 1503 1226 1535 et
1248 1509 1335 1535 non
1359 1494 1450 1535 sine
1473 1495 1614 1536 causis

233 1568 523 1624 peculiaribus
565 1567 747 1623 alicujus
788 1568 1025 1610 momenti:
1078 1576 1120 1610 et
1170 1569 1250 1610 hos
1293 1569 1407 1610 certe
1449 1577 1614 1625 septem

235 1657 372 1683 annos
402 1642 448 1682 in
478 1641 691 1683 Societate
723 1650 850 1683 notos
881 1642 1029 1694 fuisse,
1061 1647 1103 1683 et
1135 1657 1222 1684 non
1254 1643 1515 1685 mediocrem
1550 1645 1616 1685 sui

234 1716 402 1768 talenti,
423 1730 472 1757 ac
493 1716 706 1758 virtutum
738 1716 1076 1758 satisfactionem
1108 1717 1163 1758 ad
1193 1717 1373 1773 gloriam
1396 1718 1480 1760 Dei
1506 1733 1617 1774 prae-

234 1792 383 1834 buisse
404 1792 450 1833 in
472 1806 522 1833 ea
547 1791 776 1848 oportebit.

238 1867 303 1909 Ut
338 1866 435 1922 quis
477 1866 607 1908 etiam
649 1866 694 1907 in
729 1866 1038 1922 Coadjutorem
1079 1868 1313 1909 formatum
1350 1869 1618 1922 admittatur,

238 1948 410 1998 oportet
448 1941 652 1983 Societati
690 1956 782 1982 esse
817 1941 1085 1983 satisfactum
1123 1943 1175 1983 de
1213 1943 1305 1998 ejus
1341 1943 1443 1995 vita,
1480 1945 1618 1999 deque

238 2016 355 2058 bono
377 2015 575 2070 exemplo
597 2030 646 2056 ac
668 2015 831 2057 talento
854 2016 909 2056 ad
932 2030 975 2056 se
999 2016 1239 2071 juvandam
1256 2018 1324 2058 vel
1345 2033 1444 2059 cum
1466 2019 1619 2061 litteris

241 2090 286 2131 in
307 2089 437 2131 rebus
460 2089 772 2145 spiritualibus,
794 2090 862 2131 vel
884 2090 976 2132 sine
998 2090 1081 2132 illis
1103 2091 1148 2132 in
1171 2092 1468 2146 exterioribus,
1490 2104 1619 2150 prout

242 2165 397 2220 cuique
429 2164 574 2206 divina
604 2164 775 2206 bonitas
808 2165 922 2207 dona
953 2180 1031 2207 sua
1064 2168 1459 2211 communicaverit.
1523 2171 1620 2212 Hoc

240 2239 385 2296 ipsum
407 2246 553 2280 autem
583 2239 787 2281 metiatur
818 2245 988 2295 oportet
1011 2241 1240 2296 Praepositi
1263 2242 1488 2285 Generalis
1519 2260 1622 2300 pru-

244 2315 418 2365 dentia;
462 2314 544 2356 nisi
586 2315 713 2356 alicui
755 2330 807 2356 ex
847 2316 1195 2371 particularibus,
1237 2319 1306 2359 cui
1347 2319 1535 2361 multum
1577 2322 1620 2363 in

245 2389 436 2431 Domino
458 2389 709 2442 confideret,
730 2390 775 2431 id
797 2390 1159 2433 committendum
1180 2392 1410 2436 videretur.

247 2465 311 2506 Ut
333 2464 464 2520 aliqui
491 2465 780 2506 admittantur
809 2465 855 2507 in
879 2466 1170 2508 Scholasticos
1196 2469 1486 2524 approbatos3
1519 2485 1624 2525 qua-

247 2541 347 2581 dam
387 2540 665 2597 proportione
715 2548 895 2595 servata,
938 2542 1087 2584 eadem
1137 2543 1418 2598 requiruntur
1434 2562 1445 2597 3
1497 2553 1539 2587 ct
1581 2546 1624 2587 id

246 2615 452 2671 peculiari
487 2616 674 2671 quadam
710 2616 904 2669 ratione3
938 2625 987 2659 ut
1022 2633 1073 2659 cx
1110 2633 1258 2660 corum
1293 2619 1467 2675 ingenio
1496 2628 1624 2676 atquc

246 2691 390 2733 indole
411 2691 457 2732 in
478 2692 591 2734 viros
623 2693 773 2735 doctos
805 2709 878 2735 cos
910 2708 1110 2736 evasuros
1145 2695 1371 2751 Praepositi
1401 2696 1625 2738 Generalis

243 2766 422 2822 judicio,
447 2767 515 2809 vel
551 2767 658 2823 ejuS,
700 2768 770 2810 cui
802 2769 883 2811 hoc
920 2785 1081 2811 munus
1117 2770 1186 2812 ille
1222 2771 1496 2825 (confidendo
1525 2787 1627 2827 pru-
