2004 3294
375 289 425 324 10

402 314 423 324 aa

375 561 420 596 13

369 855 419 890 14

369 1297 419 1333 16

871 300 1302 329 CONSTITCTIONI’M

452 408 605 463 aliquis
641 409 685 449 in
719 409 939 451 illusiones
977 411 1215 462 Daemonis,
1249 421 1291 452 et
1328 426 1413 452 non
1449 411 1591 466 exigui
1620 412 1826 453 momenti

454 497 616 524 errores
638 483 813 524 incidat.

455 556 716 597 Litterarum
757 557 1026 611 ignorantia3
1070 557 1137 597 vel
1171 557 1348 611 ingenii,
1390 566 1464 598 aut
1505 557 1736 608 memoriae,
1772 558 1825 598 ad

454 645 524 671 eas
547 631 843 681 addiscendas,
864 631 932 671 vel
958 631 1116 685 linguae
1139 631 1193 670 ad
1223 631 1525 685 explicandum
1554 632 1760 682 defectus,
1781 632 1825 672 in

452 704 550 754 illis,
582 704 656 758 qui
686 717 776 758 prae
811 718 854 744 se
890 703 1035 743 ferunt
1070 703 1357 744 intentionem
1385 704 1452 744 vel
1477 704 1735 745 desiderium
1761 704 1826 744 ul-

453 777 583 817 terius
604 776 923 831 progrediendi,
940 777 1067 831 quam
1090 776 1229 817 solent
1247 776 1531 831 Coadjutores
1553 777 1824 832 temporales.

453 850 617 892 Judicii
639 850 847 901 defectus,
869 857 912 891 et
934 850 1135 891 notabilis
1156 850 1201 890 in
1229 851 1405 903 proprio
1436 864 1555 891 sensu
1577 851 1793 891 obduratio
1812 868 1824 897 ;

451 939 546 979 quae
569 924 988 979 Congregationibus
1010 925 1196 965 multum
1219 925 1326 965 solet
1347 925 1553 965 facessere
1575 924 1750 979 negotii.

453 998 505 1038 In
542 997 739 1038 exteriori
780 998 970 1048 homine,
1012 998 1204 1038 defectus
1246 998 1290 1038 in
1331 998 1578 1052 integritate
1619 997 1824 1052 corporis,

451 1071 641 1122 morbus,
664 1071 875 1121 debilitas,
896 1071 962 1111 vel
992 1071 1192 1111 notabilis
1223 1071 1484 1112 deformitas.
1544 1071 1671 1111 AEtas
1701 1070 1823 1111 valde

451 1154 610 1196 tenera,
631 1145 698 1186 vel
719 1145 816 1200 plus
839 1145 942 1185 satis
964 1153 1178 1200 provecta.
1240 1146 1320 1185 AEs
1343 1146 1530 1186 alienum
1548 1161 1558 1185 ε
1589 1145 1658 1186 vel
1679 1144 1824 1186 civiles

452 1218 749 1272 obligationes,

453 1293 552 1335 Quo
584 1292 833 1347 hujusmodi
865 1292 1102 1333 defectibus
1132 1292 1227 1346 quis
1258 1292 1395 1346 magis
1427 1300 1491 1333 est
1519 1292 1747 1343 obnoxius,
1775 1306 1824 1332 eo

452 1367 595 1407 minus
618 1374 683 1408 est
705 1367 900 1417 idoneus,
924 1375 971 1406 ut
994 1367 1088 1407 Deo
1111 1366 1301 1406 Domino
1334 1373 1481 1406 nostro
1512 1366 1557 1406 in
1578 1367 1659 1406 hac
1682 1365 1826 1406 Socie-

451 1449 537 1481 tate
570 1442 623 1482 ad
660 1441 900 1481 animarum
934 1440 1141 1480 auxilium
1174 1439 1356 1480 serviat:
1404 1448 1446 1480 et
1477 1439 1551 1494 qui
1575 1439 1824 1480 facultatem

450 1514 580 1554 habet
616 1514 897 1564 admittendi,
927 1514 1081 1564 videat,
1119 1528 1172 1554 ne
1209 1513 1426 1554 charitatis
1462 1513 1731 1568 particularis
1764 1513 1825 1553 af-

450 1589 588 1629 fectus
610 1588 839 1629 universali
870 1588 1124 1643 praevaleat3
1156 1602 1251 1641 quse
1278 1595 1326 1628 ut
1347 1587 1484 1642 magis
1506 1588 1560 1628 ad
1580 1587 1760 1642 gloriam
1782 1595 1824 1628 et

452 1663 658 1703 honorem
682 1662 844 1703 Christi
868 1661 1046 1701 Domini
1068 1661 1204 1701 nostri
1227 1661 1341 1711 facit,
1364 1661 1423 1701 ita
1445 1675 1613 1715 semper
1634 1661 1822 1715 praeferri

454 1736 595 1776 debet.

809 1898 870 1923 DE
897 1897 1031 1923 mono
1057 1897 1384 1924 ADMITTENDI.

979 1956 1108 1997 CAP.
1142 1956 1218 1997 IV.

453 2032 586 2073 QUIA
611 2030 734 2071 nobis
755 2030 799 2070 in
815 2030 1004 2071 Domino
1026 2030 1349 2084 persuademus,
1365 2029 1418 2069 ad
1439 2029 1536 2079 hoc,
1552 2036 1601 2069 ut
1623 2027 1767 2069 divina
1782 2037 1824 2069 et

455 2119 623 2145 summa
645 2104 853 2158 Majestas
875 2103 1112 2145 ministerio
1145 2103 1274 2157 hujus
1301 2102 1490 2143 minimae
1514 2102 1739 2143 Societatis
1760 2102 1824 2143 uti

455 2178 670 2232 dignetur,
701 2178 887 2218 multum
918 2177 1086 2227 referre,
1117 2185 1165 2217 ut
1197 2177 1270 2231 qui
1302 2176 1355 2216 ad
1397 2175 1824 2238 camadmittuntur,

456 2269 543 2294 non
572 2254 709 2294 solam
737 2253 811 2293 diu
842 2253 1078 2307 probentur
1109 2252 1335 2305 antequam
1369 2251 1412 2291 in
1444 2250 1536 2306 ejus
1567 2265 1722 2306 corpus
1754 2265 1824 2292 co-

458 2336 676 2383 optentur‚
706 2328 853 2368 verum
885 2327 1013 2368 etiam
1044 2334 1092 2367 ut
1123 2326 1243 2366 valde
1275 2325 1366 2366 noti
1397 2325 1497 2376 sint,
1519 2326 1747 2380 antequam
1770 2325 1825 2366 ad

461 2403 761 2444 Probationem
784 2417 877 2443 eam
900 2401 1198 2451 admittantur,
1220 2415 1315 2455 quae
1337 2401 1387 2441 fit
1407 2400 1452 2441 in
1483 2399 1703 2442 communi
1723 2414 1824 2441 con-

457 2477 574 2518 victu
607 2491 706 2517 cum
748 2475 1028 2517 domesticis:
1072 2474 1245 2529 expedit
1286 2474 1596 2515 habitationem
1637 2473 1824 2528 aliquam

460 2558 617 2591 nostrae
658 2550 877 2591 communi
919 2548 1195 2603 conjunctam
1247 2548 1475 2603 designari,
1526 2547 1615 2597 ubi,
1656 2547 1731 2602 qui
1771 2546 1825 2587 ad

461 2623 760 2665 probationem
778 2623 1080 2673 admittuntur,
1093 2623 1313 2677 hospitum
1330 2637 1447 2663 more
1464 2621 1705 2663 Duodecim
1719 2619 1826 2670 dieS,

461 2697 527 2738 vel
556 2711 691 2751 usque
723 2698 775 2737 ad
806 2696 986 2751 Viginti,
1007 2704 1049 2737 et
1081 2696 1279 2750 amplius,
1310 2703 1438 2751 prout
1461 2693 1680 2750 Superiori
1711 2692 1826 2734 vide-
