1987 3374
143 681 197 717 24

142 1277 195 1314 25

701 341 822 368 PARs
857 341 1054 368 TERTIA.
1553 334 1607 371 29

228 465 304 505 pro
326 452 471 504 reyula
499 464 580 491 sace
608 451 836 491 voluntatis
867 455 908 491 et
932 451 1120 503 judiam
1166 464 1251 504 quo
1283 450 1475 491 exactius
1508 466 1609 492 con-

228 527 469 568 formentur
498 525 649 582 primae
680 540 729 567 ac
758 540 939 567 summae
964 526 1123 582 regulae
1145 526 1286 567 omnis
1308 525 1434 568 bonae
1455 526 1608 568 volun-

229 601 332 643 tatis
354 609 397 643 et
421 601 590 657 judicii,
613 616 709 656 quae
732 608 796 643 est
817 610 979 642 aeterna
999 600 1186 652 bonitas,
1209 609 1252 642 et
1275 601 1499 656 sapientia.

229 676 289 717 Et
321 684 371 717 ut
405 675 544 731 magis
577 676 622 717 in
658 675 930 718 Obedientiae
962 676 1121 716 virtute
1157 690 1200 716 se
1238 683 1479 726 exerceant,
1508 690 1609 717 con-

229 751 362 803 venit,
392 751 480 792 imo
513 751 642 792 etiam
671 751 963 792 necessarium
996 758 1075 802 est,
1107 759 1156 792 ut
1186 765 1274 792 non
1307 751 1447 792 solum
1471 750 1609 806 Supe-

230 826 332 868 riori
353 826 487 868 totius
510 826 737 868 Societatis
768 826 836 867 vel
867 826 1036 877 domus,
1060 826 1136 866 sed
1166 826 1294 866 etiam
1317 826 1609 868 subordinatis

229 900 454 952 ministris,
492 901 567 955 qui
610 915 662 941 ex
704 900 777 941 illo
819 899 1126 941 authoritatem
1158 908 1431 955 acceperunt,
1472 901 1517 941 in
1559 901 1609 942 iis

230 974 448 1026 omnibus,
489 975 534 1015 in
576 974 735 1030 quibus
785 982 1046 1029 potestatem
1087 973 1264 1025 habent,
1307 974 1525 1026 obediant,
1567 984 1609 1016 et

230 1057 480 1092 assuescant
511 1065 600 1091 non
636 1049 809 1100 intueri,
843 1049 940 1104 quis
973 1049 1042 1089 ille
1080 1048 1150 1099 sit,
1179 1048 1248 1089 eui
1280 1049 1504 1100 obediunt,
1535 1050 1610 1090 sed

228 1124 375 1180 potius
397 1124 494 1179 quis
515 1124 600 1176 ille,
621 1131 800 1179 propter
820 1138 951 1178 quem
978 1123 1202 1174 obediunt,
1224 1122 1298 1177 qui
1320 1131 1385 1164 est
1408 1122 1610 1164 Christus

232 1198 464 1241 Dominus.

230 1273 429 1329 Diligant
450 1286 600 1314 omnes
624 1273 945 1328 Paupertatem,
966 1279 1016 1313 ut
1037 1279 1235 1323 matrem,
1265 1279 1308 1312 et
1332 1270 1460 1326 juxta
1489 1285 1610 1312 men-

229 1362 375 1388 suram
397 1354 557 1389 sanctae
586 1346 857 1388 discretionis
889 1346 978 1388 suis
1010 1345 1277 1401 temporibus
1309 1344 1401 1400 ejus
1432 1345 1610 1386 effectus

229 1421 398 1477 aliquos
420 1421 696 1477 experiantur
709 1438 720 1473 3
752 1429 809 1473 et,
829 1428 880 1462 ut
900 1421 946 1461 in
968 1420 1180 1462 Examine
1212 1420 1378 1461 dictum
1410 1427 1490 1470 est,
1511 1428 1610 1474 post

230 1497 421 1553 primum
444 1512 607 1538 annum
630 1504 829 1538 exactum
850 1495 989 1551 parati
1021 1496 1108 1537 sint
1139 1496 1193 1536 ad
1224 1495 1477 1550 temporalia
1497 1494 1610 1535 bona

231 1573 545 1624 distribuenda,
579 1572 927 1627 quandocunque
965 1587 988 1612 a
1024 1571 1250 1627 Superiore
1287 1571 1534 1626 injunctum
1566 1570 1611 1611 id

230 1647 375 1698 fuerit,
407 1655 450 1687 et
481 1661 530 1687 ea
561 1646 724 1687 ratione
758 1653 938 1696 servata,
960 1660 1056 1699 quae
1088 1645 1132 1685 in
1156 1645 1367 1685 Examine
1390 1645 1611 1699 proposita

225 1719 322 1761 fuit.

144 1798 200 1836 26
233 1794 401 1835 Omnes
437 1793 722 1835 rectissimam
758 1793 915 1835 habere
949 1793 1236 1834 intentionem
1270 1807 1358 1833 non
1393 1792 1532 1833 solum
1566 1793 1609 1833 in

231 1877 349 1911 statu
368 1869 485 1921 vitae,
507 1869 655 1910 verum
677 1869 807 1910 etiam
829 1868 874 1909 in
896 1868 1025 1910 rebus
1048 1867 1251 1909 omnibus
1279 1867 1609 1923 particularibus

230 1943 467 1995 enitantur,
489 1943 535 1984 id
556 1958 725 1998 semper
746 1943 791 1984 in
814 1942 874 1984 eis
897 1942 1075 1998 syncere
1099 1950 1361 1997 spectantes,
1383 1950 1432 1982 ut
1455 1942 1609 1982 servire

230 2026 273 2059 et
303 2017 472 2072 placere
507 2008 663 2057 dffinae
702 2017 886 2058 bonitati
922 2024 1100 2072 propter
1137 2016 1321 2071 seipsam
1359 2024 1401 2056 et
1434 2023 1611 2070 propter

230 2092 500 2142 charitatem,
537 2100 580 2132 et
621 2091 777 2132 eximia
817 2091 1039 2142 beneficia,
1081 2091 1239 2145 quibus
1280 2090 1488 2146 praevenit
1530 2105 1609 2131 nos

230 2167 392 2222 potius,
420 2180 550 2220 quam
584 2165 782 2207 timorem
810 2180 1051 2221 poenarum,
1083 2165 1150 2206 vel
1182 2180 1304 2220 spem
1331 2164 1605 2220 praemiorum

234 2240 447 2295 (quamvis
488 2240 590 2281 hinc
631 2239 761 2281 etiam
797 2239 940 2295 juvari
982 2239 1182 2293 debeant)
1228 2247 1277 2280 ut
1318 2239 1362 2280 in
1406 2238 1607 2279 omnibus

231 2320 429 2369 quaerant
449 2315 609 2366 Deum,
631 2322 838 2356 exuentes
861 2329 920 2366 se,
937 2315 1148 2369 quantum
1171 2314 1262 2355 fieri
1284 2322 1442 2369 potest,
1465 2328 1607 2354 amore

232 2389 429 2430 omnium
450 2397 762 2441 creaturarum3
784 2397 833 2430 ut
856 2389 1058 2430 affectum
1082 2389 1331 2430 universum
1353 2388 1398 2428 in
1415 2388 1606 2443 ipsarum

233 2463 481 2506 Creatorem
503 2464 741 2516 conferant,
763 2479 863 2505 eum
884 2464 930 2504 in
947 2463 1148 2504 omnibus
1171 2463 1370 2512 amando,
1393 2470 1436 2503 et
1457 2477 1607 2502 omnes

230 2539 276 2580 in
297 2553 348 2580 eo
373 2538 499 2594 juxta
520 2539 836 2580 sanctissimam
858 2553 907 2580 ac
929 2538 1118 2580 divinam
1140 2537 1276 2592 ipsius
1298 2536 1581 2577 voluntatem.

232 2613 452 2664 Studium,
473 2613 518 2654 in
540 2614 657 2668 quod
687 2614 942 2655 incumbent
973 2613 1047 2668 qui
1079 2612 1123 2652 in
1155 2610 1356 2652 domibus
1380 2609 1606 2651 Societatis

230 2687 485 2743 probantur,
522 2687 567 2728 id
600 2703 691 2729 esse
728 2688 870 2739 debet,
905 2688 1024 2744 quod
1056 2701 1128 2728 eos
1157 2685 1294 2741 magis
1322 2684 1376 2725 ad
1411 2684 1607 2739 superius

232 2761 392 2804 dictam
421 2761 752 2817 abnegationem
784 2763 864 2814 sui,
896 2771 939 2804 et
970 2763 1014 2803 in
1046 2759 1278 2802 virtutibus
1310 2774 1358 2801 ac
1381 2758 1606 2800 devotione

233 2837 477 2892 profectum
513 2836 697 2891 juvabit.
760 2838 913 2880 Studia
944 2837 1042 2878 vero
1075 2836 1329 2886 litterarum,
1363 2835 1406 2875 in
1438 2833 1608 2874 univer-
