2004 3294
377 291 426 327 16

399 2030 422 2064 10

873 297 1303 326 CONSTITUTIONUM

457 408 657 463 pertinet,
703 408 874 462 quando
922 408 965 447 in
1009 406 1397 462 Congregationem
1444 404 1683 461 generalem
1721 419 1821 445 0011-

456 482 646 524 veniret:
690 482 854 522 Eadem
891 482 969 522 erit
1010 495 1140 536 penes
1179 480 1463 535 Praepositum
1499 479 1740 535 generalem
1776 478 1821 519 in

456 556 671 607 omnibus,
701 563 986 610 praeterquam
1021 556 1055 595 si
1088 555 1192 609 quid
1228 555 1282 594 ad
1309 554 1444 609 ipsius
1471 567 1698 608 personam
1725 567 1822 608 per-

458 629 626 670 tineret.
689 629 824 669 Penes
849 628 1034 682 reliquos
1061 642 1112 668 ex
1144 627 1355 668 Societate
1386 633 1556 666 tantum
1587 626 1665 667 erit
1692 625 1822 680 hujus

456 702 686 752 facultatis,
718 709 928 756 quantum
960 700 1019 741 eis
1046 715 1070 740 a
1105 700 1243 755 capite
1275 699 1477 740 collatum
1506 699 1648 740 fuerit.
1710 699 1823 740 Prae-

456 776 606 831 positis
633 784 777 816 tamen
814 774 1150 816 provincialibus
1187 774 1373 828 amplam
1406 773 1507 814 satis
1542 772 1724 814 conferri
1751 787 1823 814 ex-

457 849 615 904 pediet,
637 863 684 889 ac
707 849 851 889 debita
870 848 1146 903 proportione
1169 848 1296 888 etiam
1315 846 1561 901 Praepositis
1578 845 1822 897 Localibus,

456 932 498 963 et
530 922 785 963 Rectoribus
816 922 1120 976 Collegiorum,
1157 920 1314 975 quibus
1346 920 1561 961 videbitur
1596 934 1687 961 esse
1720 934 1822 961 con-

454 997 651 1047 ferenda3
692 1004 741 1036 ut
775 1011 823 1037 co
859 995 1012 1036 melius
1046 996 1090 1036 in
1126 1003 1217 1036 toto
1247 995 1471 1036 Societatis
1514 1008 1689 1049 corpore
1727 994 1825 1034 sub·

455 1071 660 1110 ordinatio
691 1074 842 1110 sanctae
878 1070 1123 1110 Obedientioe
1154 1076 1357 1120 servetur,
1378 1083 1463 1123 quo
1492 1067 1645 1109 clarius
1666 1067 1822 1108 intelli-

454 1151 558 1198 gent
579 1144 796 1184 inferiores
820 1158 863 1184 se
886 1158 909 1183 a
931 1143 1018 1183 suis
1033 1143 1277 1183 immediate
1296 1142 1598 1197 Superioribus
1619 1140 1821 1197 pendere,

455 1224 497 1257 et
519 1218 634 1271 quod
656 1217 879 1258 conveniat
904 1217 1152 1271 plurimum,
1174 1216 1259 1257 imo
1282 1230 1453 1257 necesse
1477 1215 1531 1256 sit
1551 1215 1597 1256 in
1619 1214 1820 1256 omnibus

455 1290 514 1330 eis
537 1291 709 1331 subesse
732 1298 907 1345 propter
929 1290 1151 1331 Christum
1174 1289 1413 1330 Dominum
1436 1296 1646 1329 nostrum.

586 1505 646 1531 DE
671 1505 855 1541 CAUSIS‚
880 1503 1101 1537 PROPTER
1126 1503 1250 1533 QUAS
1275 1502 1469 1530 DIMITTI
1494 1502 1601 1528 ALI-

865 1579 1001 1608 QUEM
1027 1577 1325 1605 CONVENIAT.

982 1647 1110 1688 CAP.
1145 1647 1204 1688 II.

456 1729 647 1770 CAUSAS
683 1744 766 1780 eas,
803 1744 899 1783 quae
936 1729 989 1769 ad
1031 1729 1213 1783 aliquem
1251 1728 1557 1769 dimittendum
1591 1728 1819 1779 sufficiant,

454 1803 687 1858 ponderare
719 1817 860 1843 coram
888 1803 1075 1843 Domino
1107 1802 1279 1843 debebit
1309 1802 1499 1857 prudens
1530 1802 1714 1843 charitas
1737 1802 1819 1843 Su-

454 1878 644 1932 perioris,
676 1877 748 1931 qui
779 1877 1026 1932 hujusmodi
1056 1878 1302 1918 facultatem
1330 1877 1553 1928 habuerit3
1585 1877 1660 1918 sed
1689 1891 1819 1932 gene-

452 1951 576 1991 ratim
597 1951 826 2004 loquendo‚
848 1959 1030 2005 quatuor
1051 1966 1197 1992 eorum
1219 1965 1375 2005 genera
1394 1951 1483 1992 fore
1503 1950 1718 1992 videntur.

456 2024 661 2075 Primum,
699 2024 734 2064 si
768 2024 813 2064 in
850 2025 1039 2066 Domino
1072 2024 1353 2080 judicaretur,
1391 2031 1540 2065 contra
1573 2024 1710 2079 ipsius
1742 2024 1821 2065 ho-

455 2113 601 2139 norem
623 2105 665 2139 et
686 2098 864 2153 gloriam
884 2099 988 2149 fore,
1010 2099 1126 2153 quod
1147 2099 1182 2139 is
1204 2099 1248 2139 in
1270 2100 1349 2139 hac
1372 2099 1583 2140 Societate
1613 2106 1820 2150 maneret,

455 2172 529 2226 qui
560 2171 753 2212 videatur
785 2171 830 2211 in
866 2171 1123 2225 quibusdam
1155 2171 1297 2225 pravis
1330 2171 1553 2211 affectibus
1586 2179 1660 2212 aut
1689 2171 1818 2222 vitiis,

456 2260 551 2299 quae
579 2245 766 2286 divinam
798 2245 1022 2285 offendunt
1050 2244 1340 2298 Majestatem‚
1366 2244 1519 2300 corrigi
1548 2259 1636 2285 non
1666 2259 1818 2299 posse3

455 2334 550 2374 quae
572 2334 620 2361 eo
642 2320 784 2360 minus
815 2319 979 2360 tolerari
1008 2319 1225 2369 deberent,
1257 2333 1342 2373 quo
1371 2318 1563 2373 graviora
1583 2325 1742 2370 essent,
1774 2327 1816 2360 et

455 2394 553 2449 plus
590 2394 726 2449 culpae
762 2393 992 2444 haberent3
1037 2393 1136 2434 licet
1177 2392 1268 2433 aliis
1310 2393 1478 2434 nullum
1511 2393 1818 2434 offendiculum

460 2468 592 2522 (qubd
611 2467 837 2509 manifesta
857 2482 945 2509 non
966 2468 1123 2520 essent)
1148 2467 1402 2522 praebercnt.
1620 2474 1645 2494 ”

459 2541 655 2582 Alterum
691 2550 769 2593 est,
803 2542 838 2583 si
871 2541 1183 2583 existimaretur
1214 2541 1258 2581 in
1295 2540 1499 2592 Domino,
1533 2540 1718 2596 aliquem
1752 2554 1818 2582 re-

459 2615 607 2665 tinere,
635 2623 783 2656 contra
805 2615 1028 2657 Societatis
1055 2615 1217 2656 bonum
1248 2615 1350 2666 fore,
1379 2615 1495 2669 quod
1523 2615 1620 2656 cum
1648 2614 1818 2654 univer-

457 2688 542 2728 sale
565 2688 633 2739 sit,
654 2689 770 2728 haud
792 2688 919 2730 dubie
939 2689 1053 2730 bono
1075 2689 1319 2743 particulari
1345 2688 1524 2743 alicujus
1554 2686 1743 2742 praeferri
1764 2686 1817 2727 ab

458 2776 507 2802 co
530 2762 669 2812 debet,
692 2762 764 2815 qui
787 2777 960 2816 syncere
983 2763 1174 2803 divinum
1207 2762 1459 2815 obsequium
1490 2760 1655 2815 quaerit.
1715 2760 1818 2801 Tale
