1987 3374
714 339 836 365 PARS
871 338 1081 365 OCTAVA.
1570 328 1622 364 93

190 451 212 499 7
246 449 306 490 Et
318 456 367 490 ut
389 448 510 489 locus
531 448 670 503 magis
694 447 922 488 conveniat
945 448 999 488 acl
1017 446 1454 488 communicationem
1472 447 1625 502 capitis

245 538 345 564 cum
369 522 457 564 suis
480 522 715 574 membris,
763 523 955 563 conferre
987 521 1225 577 plurimum
1257 529 1417 576 potest,
1439 530 1488 562 ut
1512 522 1627 562 Prae-

244 597 412 653 positus
453 597 678 639 Generalis
710 612 868 652 magna
898 611 950 638 ex
986 606 1107 652 parte
1138 597 1289 637 Romae
1324 595 1524 647 resideat,
1552 596 1627 636 ubi

245 687 346 713 cum
377 672 470 713 aliis
502 672 705 713 omnibus
735 672 841 713 locis
865 671 1092 713 Societatis
1124 670 1302 711 faciliori
1332 678 1481 711 utetur
1511 685 1627 710 com-

245 748 413 789 mertio.
478 747 766 789 Provinciales
797 747 948 788 itidem
981 746 1026 787 in
1061 747 1112 787 iis
1149 746 1253 787 locis
1291 746 1454 786 diutius
1485 760 1627 786 versa-

244 823 425 876 buntur,
453 823 570 864 unde
608 838 707 864 cum
744 822 1034 873 inferioribusj
1069 830 1110 862 et
1143 836 1242 862 cum
1273 821 1483 877 superiori
1513 821 1628 862 Prae-

243 898 387 954 posito
409 897 637 939 commoda
656 897 786 938 fuerit
808 896 1158 948 communicatio,
1181 901 1393 951 quantum
1416 896 1460 937 in
1474 896 1627 937 Domi-

245 987 301 1013 no
322 972 368 1013 id
389 972 500 1013 effici
520 971 692 1027 poterit.

187 1053 212 1089 8
246 1048 520 1103 Praecipuum
554 1046 781 1101 utriusque
823 1046 958 1102 partis
994 1045 1217 1087 vinculum
1249 1046 1304 1086 ad
1334 1044 1627 1086 membrorum

242 1122 356 1164 inter
378 1137 424 1164 se
447 1130 490 1163 et
512 1137 613 1163 cum
635 1121 775 1177 capite
799 1136 877 1162 suo
900 1125 1106 1162 unionem
1129 1135 1249 1161 amor
1271 1127 1335 1161 est
1358 1119 1443 1160 Dei
1465 1134 1512 1160 ac
1535 1120 1627 1160 Do-

243 1198 352 1239 mini
383 1197 522 1239 nostri
542 1197 571 1239 J
575 1197 694 1239 ESU
720 1196 898 1247 Christi,
922 1211 1022 1237 cum
1055 1195 1178 1251 cujus
1211 1195 1357 1236 divina
1388 1210 1436 1236 ac
1459 1210 1630 1236 summa

242 1273 438 1315 bonitate
462 1273 498 1314 si
521 1272 726 1328 Superior
748 1281 790 1314 et
811 1272 1033 1313 inferiores
1055 1271 1178 1312 valde
1200 1271 1313 1312 uniti
1334 1270 1510 1322 fuerint,
1532 1286 1630 1326 per-

244 1348 368 1389 facile
398 1348 511 1389 inter
543 1348 709 1403 seipsos
740 1347 947 1388 unientur
963 1364 975 1398 3
1016 1347 1147 1401 idque
1178 1361 1257 1401 per
1288 1345 1474 1386 eundem
1505 1345 1628 1386 illum

246 1418 437 1464 amorem
459 1422 548 1474 fiet,
571 1422 645 1476 qui
668 1437 691 1462 a
713 1422 808 1463 Deo
841 1421 1109 1462 descendens
1142 1421 1196 1461 ad
1228 1435 1377 1461 omnes
1409 1419 1629 1475 proximos

246 1513 294 1540 ac
336 1498 543 1555 peculiari
590 1498 755 1539 ratione
805 1498 860 1538 ad
908 1512 1065 1553 corpus
1122 1496 1348 1538 Societatis
1395 1495 1629 1551 pertinget.

248 1573 448 1615 Charitas
470 1573 631 1627 itaque,
655 1580 711 1624 et,
734 1581 782 1613 ut
804 1572 849 1612 in
878 1572 1129 1613 universum
1162 1571 1344 1622 dicatur,
1367 1570 1508 1612 omnis
1529 1586 1628 1626 pro-

244 1648 358 1689 bitas
391 1662 439 1688 ac
467 1647 620 1698 virtus,
653 1662 739 1701 qua
764 1646 891 1702 juxta
923 1646 1124 1701 spiritum
1153 1646 1238 1687 Dei
1269 1646 1543 1700 procedatur,
1576 1646 1630 1686 ad

244 1722 453 1764 unionem
475 1737 527 1762 ex
548 1731 730 1776 utraque
753 1729 875 1776 parte
901 1720 1088 1776 juvabit,
1111 1728 1167 1771 et,
1194 1720 1328 1774 (quod
1358 1720 1457 1760 inde
1488 1719 1630 1774 sequi-

245 1799 331 1852 tur)
353 1797 494 1840 omnis
515 1812 660 1838 rerum
683 1796 988 1852 temporalium
1011 1804 1304 1852 contemptus,
1318 1796 1363 1836 in
1387 1795 1545 1850 quibus
1563 1796 1629 1836 sui

244 1873 382 1930 ipsius
405 1888 539 1924 amor,
561 1871 842 1928 gravissimus
873 1871 1005 1927 hujus
1036 1871 1210 1912 unionis
1243 1886 1291 1911 ac
1322 1870 1426 1911 boni
1457 1871 1629 1911 univer-

246 1949 346 1990 salis
378 1948 531 1999 hostis,
559 1962 697 1988 errare
731 1947 852 1988 solet.
915 1946 1113 1987 Multum
1142 1946 1271 1986 etiam
1303 1946 1494 1986 conferet
1526 1960 1629 1986 con-

247 2023 389 2064 sensio
411 2031 507 2064 tum
538 2022 583 2063 in
615 2020 892 2062 interioribus
910 2038 922 2071 ;
964 2030 1013 2060 ut
1046 2028 1110 2060 est
1143 2019 1352 2070 doctrina,
1377 2019 1557 2074 judicia,
1579 2034 1628 2061 ac

244 2097 506 2147 voluntates,
529 2095 767 2151 quoadejus
789 2095 882 2136 fieri
903 2094 1087 2150 poterit3
1120 2102 1214 2135 tum
1237 2094 1366 2134 etiam
1396 2094 1442 2134 in
1474 2094 1628 2135 exteri-

246 2171 421 2223 oribus,
465 2180 514 2212 ut
551 2179 616 2212 est
652 2170 849 2221 vestitus,
887 2168 1138 2210 ceremoniae
1180 2169 1338 2220 missae,
1375 2178 1417 2210 et
1450 2169 1628 2224 reliqua,

246 2254 460 2302 quantum
481 2259 779 2301 personarum,
802 2252 844 2286 et
864 2244 1074 2295 locorum,
1097 2251 1139 2285 et
1170 2252 1424 2285 caeterorum
1446 2243 1629 2285 varietas

245 2321 484 2377 permittet.

189 2402 214 2439 9
248 2397 519 2452 Magnopere
542 2396 671 2438 etiam
697 2396 859 2452 juverit
881 2395 1122 2436 litterarum
1153 2395 1266 2436 ultro
1299 2395 1492 2450 citroque
1524 2395 1627 2436 mis-

247 2487 392 2514 sarum
423 2471 536 2513 inter
562 2471 784 2513 inferiores
814 2479 857 2512 et
890 2470 1142 2526 Superiores
1176 2470 1379 2524 frequens
1417 2484 1627 2511 commer-

245 2547 369 2598 tium,
403 2554 445 2588 et
487 2546 636 2587 crebro
678 2546 782 2588 alios
819 2546 871 2587 de
909 2545 1001 2586 aliis
1036 2544 1235 2585 certiores
1270 2543 1361 2584 fieri
1398 2558 1445 2584 ac
1480 2544 1626 2585 audire

245 2637 342 2677 quae
381 2636 434 2662 ex
466 2620 593 2662 variis
635 2620 741 2661 locis
788 2620 843 2661 ad
884 2619 1228 2669 aedificationem,
1258 2626 1300 2659 et
1333 2633 1495 2669 eorum,
1530 2633 1626 2673 quae

245 2703 471 2752 geruntur,
493 2695 802 2750 cognitionem,
829 2695 1095 2743 afferuntur3
1138 2693 1262 2748 cujus
1293 2692 1353 2734 rei
1387 2692 1627 2748 Superiori-

244 2771 342 2823 bus,
370 2787 417 2813 ac
450 2772 668 2828 praecipue
705 2771 921 2823 Generali,
956 2780 998 2812 et
1032 2769 1371 2811 provincialibus
1406 2784 1508 2810 cura
1533 2768 1626 2816 erit,
