2004 3294
302 308 354 343 56

806 309 1238 339 CONSTITUTIONUM

393 423 574 474 sidente,
597 422 670 477 qui
693 421 1015 463 contentionem
1039 419 1224 470 dirimat,
1246 426 1288 459 et
1310 417 1415 472 quid
1436 416 1642 458 doetrinae
1664 415 1759 457 elici

391 504 585 553 oporteat
607 511 659 538 ex
680 495 925 551 disputatis,
947 494 1146 535 declaret.

391 572 487 613 Erit
507 571 657 612 itidem
675 568 885 620 Rectoris,
898 582 975 623 per
997 582 1056 619 se,
1077 567 1145 607 vel
1165 580 1242 620 per
1260 565 1573 606 Cancellarium
1591 578 1759 620 semper

392 645 614 686 observare
632 660 643 694 3
673 650 723 683 ut
745 642 819 696 qui
841 641 940 682 novi
963 639 1188 692 accedunt,
1209 639 1534 689 examinentur3
1566 646 1608 679 et
1638 638 1682 679 in
1709 638 1759 678 iis

396 718 632 768 Classibus,
674 729 858 769 cumque
906 714 956 754 iis
1000 712 1357 768 Praeceptoribus,
1399 712 1472 766 qui
1513 712 1618 767 ipsis
1660 726 1762 752 con-

393 792 589 842 veniunt,
625 790 921 840 collocentur;
967 795 1009 829 et
1045 786 1137 842 ejus
1174 786 1420 828 discretioni
1465 785 1627 839 (audita
1667 800 1763 826 sen-

397 867 532 908 tentia
553 880 715 916 eorum,
738 863 812 919 qui
834 863 888 904 ad
908 863 953 903 id
975 876 1135 902 munus
1165 861 1378 916 designati
1410 861 1526 913 sunt)
1551 859 1765 915 relinque-

399 949 483 992 tur,
514 954 620 980 num
653 938 815 979 diutius
846 937 890 977 in
923 936 1071 977 eadem
1104 935 1237 975 classe
1269 949 1455 985 manere,
1478 949 1532 974 an
1563 934 1618 974 ad
1639 933 1765 974 aliam

398 1015 578 1056 ulterius
614 1011 815 1069 progredi
848 1010 1046 1052 debeant.
1109 1009 1319 1064 Ejusdem
1354 1008 1432 1050 erit
1468 1008 1684 1064 judicium
1713 1008 1765 1048 de

401 1088 543 1130 studio
593 1087 852 1142 linguarum,
902 1091 1058 1140 praeter
1099 1083 1315 1134 Latinam,
1356 1097 1463 1123 num
1503 1082 1683 1123 Artibus
1724 1090 1767 1123 et

399 1161 645 1217 Theologiae
682 1159 900 1215 anteponi,
936 1173 990 1199 an
1026 1157 1245 1213 postponi,
1281 1166 1323 1197 et
1357 1157 1486 1211 quam
1521 1156 1596 1197 diu
1630 1156 1675 1196 in
1707 1155 1767 1196 eis

403 1251 617 1292 quemque
647 1236 806 1276 haerere
848 1238 1056 1289 oporteat.
1119 1232 1188 1273 Sic
1220 1232 1347 1273 etiam
1377 1231 1424 1271 in
1455 1231 1546 1271 aliis
1580 1230 1769 1271 scientiis

403 1310 694 1367 superioribus
710 1317 887 1364 propter
901 1307 1173 1362 ingeniorum
1189 1314 1231 1347 et
1247 1314 1426 1347 aetatum
1437 1305 1771 1360 inaequalitatem

405 1386 570 1440 aliaque
601 1383 940 1426 consideratione
971 1381 1102 1436 digna
1133 1381 1187 1421 ad
1223 1380 1408 1421 eundem
1438 1378 1671 1435 pertinebit
1701 1393 1773 1420 ex-

405 1461 607 1516 pendere,
629 1458 801 1514 quando
823 1455 1005 1512 quisque
1027 1470 1097 1497 eas
1119 1455 1309 1511 aggredi,
1331 1462 1373 1496 et
1404 1454 1597 1509 quandui
1626 1454 1672 1494 in
1693 1453 1774 1495 eis-

408 1536 505 1577 dem
541 1534 700 1576 versari
733 1532 910 1574 debeat:
966 1530 1160 1573 Quamvis
1192 1529 1236 1581 ii,
1273 1529 1348 1585 qui
1379 1537 1505 1571 aetate
1538 1537 1582 1570 et
1612 1528 1775 1584 ingenii

409 1608 649 1664 aptitudine
679 1606 859 1662 pollent,
881 1604 1035 1646 melius
1068 1604 1137 1655 sit,
1168 1612 1217 1644 ut
1246 1604 1292 1644 in
1323 1603 1525 1645 omnibus
1553 1603 1774 1658 proficere,

409 1692 451 1725 et
473 1681 695 1738 conspicui
716 1695 807 1722 esse
830 1680 885 1721 ad
905 1679 989 1720 Dei
1010 1678 1188 1734 gloriam
1211 1678 1442 1719 enitantur.

411 1757 474 1799 Ut
496 1756 722 1798 assiduitas
742 1755 787 1796 in
808 1753 1013 1795 litterario
1040 1752 1253 1803 exercitio,
1276 1752 1335 1793 sic
1357 1760 1399 1793 et
1421 1751 1562 1806 aliqua
1581 1751 1775 1792 remissio

410 1830 648 1873 necessaria
669 1835 747 1871 est.
810 1829 986 1871 Quanta
1007 1828 1098 1867 haec
1121 1841 1212 1868 esse
1235 1826 1402 1877 debeat,
1424 1833 1466 1867 et
1488 1825 1646 1880 quibus
1667 1832 1776 1866 tem-

410 1906 602 1961 poribus,
633 1902 964 1945 considerationi
992 1901 1201 1952 Rectoris‚
1232 1901 1431 1956 expensis
1458 1899 1775 1942 circunstantiis

411 1993 691 2036 personarum
714 1985 756 2019 et
776 1977 985 2027 locorum,
1005 1975 1284 2030 relinquetur.

613 2224 674 2250 DE
701 2222 876 2258 LIBRIS,
900 2221 983 2252 QUI
1010 2221 1337 2248 PRAELEGENDI
1363 2222 1500 2249 SUNT.

911 2296 1040 2338 CAP.
1073 2297 1199 2338 XIV.

422 2392 727 2433 GENERATIM
756 2392 819 2442 (ut
841 2389 1004 2430 dictum
1026 2398 1104 2440 est,
1128 2389 1225 2430 cum
1259 2390 1310 2430 dc
1334 2390 1536 2445 Collegiis
1567 2394 1777 2447 ageretur)

417 2465 477 2506 illi
503 2465 790 2520 praelegcntur
819 2463 930 2515 libri,
952 2462 1025 2517 qui
1057 2462 1100 2503 in
1132 2463 1312 2518 quanvis
1341 2464 1543 2506 facultate
1573 2467 1783 2507 solidioris

422 2554 470 2581 ac
490 2541 713 2580 seem-ioris
741 2539 936 2579 doctrina>
966 2537 1256 2589 habebuntur,
1318 2539 1410 2579 Nec
1440 2539 1500 2580 illi
1533 2548 1634 2581 sunt
1655 2539 1783 2581 attin-

421 2613 565 2667 gendi,
587 2627 771 2667 quorum
793 2611 1002 2663 doctrina,
1023 2612 1089 2652 vel
1111 2613 1310 2653 authores
1344 2613 1532 2668 suspecti
1563 2613 1661 2655 sint.
1724 2614 1785 2654 Hi

422 2695 565 2729 tamen
588 2687 876 2742 particulatim
899 2687 943 2727 in
966 2687 1146 2741 quanvis
1171 2687 1460 2730 Universitate
1483 2688 1786 2740 nominentur3

427 2762 469 2802 in
496 2762 730 2817 Theologia
766 2763 932 2817 legetur
961 2768 1084 2804 vetus
1115 2769 1157 2803 ct
1187 2777 1347 2804 novum
1378 2763 1718 2814 Testamentum,
1746 2772 1787 2805 et
