1987 3374
705 332 826 360 PARS
861 331 1103 359 SECUNDA.
1566 318 1616 365 17

244 445 348 501 quid
383 451 509 496 esset,
547 444 582 485 si
618 444 662 484 in
701 443 1011 484 Probationum
1048 443 1232 483 decursu
1268 441 1410 495 aliqua
1434 441 1616 496 impedi-

243 527 404 571 menta,
444 519 512 561 vel
560 518 750 573 insignes
802 517 994 558 defectus
1045 517 1090 557 in
1142 516 1353 556 Examine
1396 516 1617 571 suppressi

244 595 574 650 detegerentur3
616 592 684 633 vel
725 592 760 633 si
802 591 1094 647 experimento
1136 590 1459 645 comperiretur,
1494 590 1617 631 valde

243 667 442 709 inutilem
485 668 575 708 fore
617 681 731 718 eum,
768 674 810 707 et
845 680 922 721 per
959 680 1088 720 quem
1124 664 1429 720 praepedienda
1464 664 1617 719 magis,

244 756 374 797 quam
410 741 653 797 adjuvanda
688 748 800 782 esset
835 740 1040 791 Societas,
1072 747 1248 794 propter
1282 738 1374 794 ejus
1402 737 1618 793 insignem

243 816 299 857 ad.
329 815 491 870 quaevis
525 815 617 871 ejus
645 829 825 856 munera
854 813 1205 868 ineptitudinem,
1239 821 1281 854 et
1314 812 1452 854 multo
1480 814 1618 868 magis

245 890 405 931 dimitti
441 897 671 945 oporteret,
709 889 744 930 si
783 888 987 930 Societati
1021 888 1229 928 damnum
1264 887 1469 928 allaturus
1505 888 1617 929 malo

242 965 342 1005 vitae
363 964 559 1019 exemplo
579 964 788 1014 videatur,
811 978 859 1004 ac
880 962 1097 1018 praecipue
1126 962 1161 1002 si
1191 963 1398 1015 inquietus
1429 970 1555 1013 esset,
1577 971 1619 1003 et

242 1038 383 1080 verbis
425 1046 499 1079 aut
540 1037 707 1079 actibus
750 1037 1058 1078 offendiculum
1100 1036 1192 1077 aliis
1227 1035 1452 1091 praeberet.
1522 1036 1618 1077 Hoc

243 1113 359 1154 enim
389 1112 584 1164 tolerare,
615 1111 835 1153 charitatis
866 1126 954 1152 non
986 1118 1115 1161 esset,
1139 1110 1214 1151 sed
1235 1109 1328 1151 w‘tii
1349 1110 1551 1151 contrarii
1575 1110 1619 1151 in

243 1202 292 1228 eo
325 1187 515 1242 quidem,
544 1187 617 1241 qui
654 1194 826 1239 tenetur
861 1199 1111 1227 conservare
1146 1185 1350 1239 quietem,
1382 1193 1425 1226 et
1455 1185 1619 1226 bonum

245 1269 406 1302 statum
429 1261 656 1303 Societatis
679 1260 760 1302 sibi
782 1260 1037 1302 commissae.

243 1335 450 1387 Tertium,
490 1335 526 1376 si
561 1334 843 1390 judicaretur,
884 1335 929 1375 id
969 1335 1058 1375 fore
1101 1342 1252 1375 contra
1294 1334 1535 1385 Societatis,
1572 1350 1620 1376 ac

244 1408 373 1449 simul
393 1408 529 1464 ipsius
551 1409 820 1450 dimittendae
845 1423 1041 1464 personae
1062 1408 1253 1459 bonum3
1286 1408 1403 1462 quod
1425 1422 1476 1448 ex
1497 1417 1619 1463 parte

244 1482 434 1537 corporis
474 1490 622 1537 posset
673 1483 879 1534 accidere,
931 1482 965 1523 si
1018 1490 1209 1537 tempore
1262 1482 1534 1523 Probationis
1576 1483 1620 1523 in

243 1556 386 1611 aliquo
406 1557 598 1608 morbus,
620 1565 694 1598 aut
726 1556 923 1598 debilitas
955 1556 1205 1612 hujusmodi
1237 1565 1497 1608 cerneretur,
1520 1572 1620 1598 cum

243 1645 329 1684 qua
369 1645 468 1671 eum
508 1645 597 1671 non
637 1645 764 1685 posse
804 1630 1007 1685 progredi
1056 1630 1101 1670 in
1151 1630 1369 1671 laboribus
1420 1630 1622 1672 instituto

244 1710 407 1754 nostro,
448 1718 497 1744 ac
546 1704 808 1759 procedendi
849 1704 978 1745 modo
1028 1703 1385 1744 convenientibus
1432 1704 1486 1744 ad
1527 1705 1622 1746 Deo

210 1799 214 1803 -
245 1777 518 1819 serviendum
544 1777 789 1819 videretur:
834 1793 886 1819 ex
919 1786 1040 1833 parte
1073 1792 1216 1818 rerum
1250 1777 1396 1828 animi,
1434 1779 1623 1832 quando,

245 1851 319 1906 qui
360 1852 415 1892 ad
453 1851 754 1907 probationem
796 1852 1009 1893 admissus
1050 1852 1147 1902 fuit,
1190 1866 1233 1892 se
1276 1866 1532 1907 componere
1570 1854 1625 1893 ad

244 1926 378 1967 vitam
398 1927 472 1967 sub
499 1927 742 1968 Obedientz'a
764 1935 806 1968 et
832 1926 956 1982 juxta
987 1927 1165 1968 modum
1196 1927 1458 1981 procedendi
1482 1927 1624 1968 Socie-

245 2000 347 2041 tatis
381 2001 624 2041 ducendam
666 2015 754 2042 non
795 2009 968 2056 posset3
1016 2001 1134 2055 qubd
1175 2010 1374 2055 nequeat,
1417 2001 1483 2042 vel
1517 2002 1624 2043 nolit

239 2076 463 2128 proprium
513 2089 632 2115 suum
673 2088 835 2115 sensum
877 2080 952 2115 aut
990 2076 1200 2127 judicium
1242 2076 1472 2128 iqfhinyere
1493 2093 1506 2123 ;
1558 2076 1625 2117 vel

248 2155 427 2203 propter
451 2147 532 2188 alia
559 2148 883 2203 impedimenta,
918 2163 1014 2202 quae
1049 2163 1072 2189 a
1098 2157 1264 2199 natura,
1298 2149 1365 2189 vel
1391 2163 1413 2189 a
1445 2164 1625 2190 consue-

247 2222 398 2263 tudine
419 2231 736 2277 permanarent.

249 2296 481 2347 Quartum,
510 2296 546 2336 si
578 2303 823 2337 cerneretur
856 2296 900 2336 id
933 2297 1021 2337 fore
1054 2303 1204 2337 contra
1234 2296 1398 2337 bonum
1430 2297 1625 2351 aliorum,

249 2371 323 2426 qui
345 2371 397 2412 de
421 2371 633 2413 Societate
655 2386 744 2413 non
770 2379 900 2412 sunt:
947 2371 1009 2412 Ut
1036 2371 1072 2412 si
1101 2371 1373 2427 detegeretur
1403 2372 1624 2415 vinculum

248 2446 525 2498 matrimonii,
575 2447 643 2488 vel
690 2447 908 2488 servitutis
960 2446 1178 2502 legitimae,
1219 2448 1286 2489 vel
1337 2463 1395 2489 aes
1438 2449 1624 2490 alienum

249 2521 396 2576 magni
426 2521 661 2562 momenti:
700 2521 857 2576 quibus
886 2521 930 2561 in
958 2520 1100 2572 rebus,
1123 2521 1227 2561 dum
1258 2522 1381 2562 initio
1410 2523 1626 2564 examina-

248 2602 380 2646 retur,
421 2595 645 2637 veritatem
686 2595 978 2637 subticuisset.
1043 2595 1217 2638 Quaevis
1251 2596 1405 2636 harum
1442 2604 1626 2650 quatuor

249 2685 476 2711 causarum
502 2671 604 2712 satis
636 2685 728 2712 esse
761 2671 945 2723 videtur,
972 2680 1019 2712 ut
1054 2671 1148 2712 Deo
1183 2671 1346 2726 gratius
1382 2672 1471 2712 fore
1507 2671 1626 2727 judi-

251 2758 413 2797 cemus,
446 2745 626 2799 honeste
663 2746 823 2787 dimitti
857 2761 970 2798 eum,
1005 2746 1048 2786 in
1086 2760 1171 2800 quo
1206 2746 1348 2787 locum
1382 2746 1626 2798 habuerint,

252 2819 381 2874 quam
402 2820 723 2875 imprudentem
745 2820 791 2862 in
813 2836 862 2862 eo
894 2820 1120 2862 retinendo
1143 2821 1394 2863 charitatem
1418 2836 1626 2863 exercerc.
