1987 3374
704 338 826 364 PARS
861 337 1068 364 OCTAVA.
1536 326 1587 361 95

211 450 296 492 Dei
337 450 606 491 voluntatem
648 448 999 489 commodissima
1046 448 1257 498 videatur,
1301 448 1510 502 explicare
1554 452 1596 487 et

213 525 490 566 constituere.

505 782 589 811 QUI
616 780 850 806 DEBEANT
876 778 1215 806 CONGREGARI.

734 860 864 900 CAP.
902 859 990 899 III.

215 950 326 991 NON
360 964 525 1002 omnes,
549 950 623 1004 qui
655 950 736 991 sub
769 950 1031 990 Obedientia
1064 949 1291 990 Societatis
1322 949 1488 999 vivunt,
1520 963 1598 989 uec

217 1024 474 1066 Scholastici
506 1025 747 1080 approbati,
780 1025 929 1065 verum
954 1024 1141 1065 Professi
1173 1024 1398 1074 duntaxat,
1428 1031 1468 1064 et
1491 1038 1601 1078 prae—

215 1106 332 1142 terea
355 1100 641 1156 Coadjutores
664 1100 810 1155 aliqui,
834 1102 869 1141 si
890 1100 951 1141 ita
973 1100 1174 1156 expedire
1203 1099 1248 1140 in
1271 1100 1463 1140 Domino
1485 1098 1603 1139 vide-

214 1184 347 1228 retur,
380 1182 483 1217 sunt
515 1177 570 1217 acl
601 1176 997 1231 Congregationem
1029 1175 1275 1230 generalem
1307 1173 1602 1223 convocandi3

215 1260 258 1294 et
300 1253 477 1308 quidem
519 1267 570 1293 ex
607 1252 675 1293 his
717 1267 805 1293 non
847 1251 932 1293 nisi
974 1251 1201 1293 commode
1242 1250 1388 1291 venire
1427 1257 1602 1304 queant.

218 1327 323 1369 Non
344 1327 490 1382 itaque
522 1327 685 1368 infirmi
717 1342 764 1368 ac
797 1326 1113 1377 valetudinarii,
1135 1341 1215 1367 nec
1242 1325 1316 1380 qui
1342 1326 1387 1366 in
1417 1324 1604 1379 regioni-

215 1402 298 1443 bus
329 1402 629 1443 remotissimis
661 1410 812 1457 agunt,
846 1407 896 1442 ut
926 1401 971 1442 in
996 1401 1134 1442 Indiis
1152 1419 1163 1452 3
1197 1401 1274 1441 sed
1305 1415 1385 1440 nec
1417 1399 1495 1451 illi,
1528 1399 1601 1453 qui

215 1478 510 1533 praemanibus
534 1477 707 1533 negotia
728 1477 892 1518 habent
913 1477 1061 1532 magni
1082 1475 1307 1527 momenti,
1325 1490 1422 1529 quae
1440 1474 1603 1528 absque

215 1554 336 1610 gravi
357 1553 648 1604 incommodo,
671 1552 809 1593 deseri
831 1567 919 1593 non
941 1559 1143 1607 possunt,
1166 1550 1441 1592 convenient.

218 1628 431 1670 Pendebit
468 1635 613 1668 autem
660 1628 742 1668 hoc
789 1642 841 1668 ex
881 1627 1048 1682 judicio
1089 1625 1317 1681 Praepositi
1363 1623 1603 1674 Generalis,

217 1703 253 1744 si
303 1704 339 1744 is
391 1709 655 1744 conventum
703 1702 920 1753 indixerit,
973 1702 1041 1743 vel
1092 1716 1256 1752 eorum,
1309 1700 1383 1755 qui
1421 1714 1601 1754 congre-

217 1778 308 1835 gati
357 1779 403 1819 in
455 1778 638 1834 singulis
693 1777 930 1818 Provinciis
984 1776 1159 1828 fuerint,
1201 1784 1250 1816 ut
1301 1783 1507 1816 venturos
1551 1774 1604 1814 ad

217 1853 462 1910 generalem
494 1861 758 1895 conventum
791 1853 966 1908 eligant.
1030 1852 1193 1892 Verum
1227 1859 1275 1891 ut
1311 1858 1427 1891 certa
1463 1850 1606 1903 aliqua

217 1931 326 1972 ratio
347 1932 393 1971 in
414 1930 496 1971 hac
519 1929 854 1985 congregatione
888 1929 1082 1983 cogenda
1113 1927 1444 1982 praescribatur,
1492 1925 1604 1967 Cum

218 2013 460 2047 conventus
484 2003 771 2045 celebrabitur
799 2003 853 2043 ad
885 2002 1134 2057 eligendum
1159 2001 1432 2051 Generalem,
1455 2008 1530 2040 aut
1552 2000 1607 2040 ad

219 2080 548 2121 deliberandum
571 2079 623 2119 cle
646 2078 712 2129 iis,
735 2092 831 2132 quae
855 2078 910 2118 ad
934 2076 1194 2118 Generalem
1216 2076 1362 2131 ipsum
1385 2082 1605 2130 spectant3

219 2155 331 2196 terni
353 2170 404 2196 ex
427 2154 609 2209 singulis
634 2152 871 2194 Proxinciis
893 2152 1083 2202 veniant,
1107 2150 1386 2192 Provincialis
1407 2149 1607 2190 videlicet

221 2231 487 2287 Praepositus
511 2244 610 2270 cum
633 2228 804 2269 duobus
827 2227 935 2278 aliis,
958 2227 1032 2281 qui
1054 2226 1215 2268 fuerint
1238 2226 1292 2266 acl
1322 2226 1404 2266 hoc
1437 2224 1606 2279 negoti-

219 2323 295 2348 um
337 2307 382 2347 in
418 2304 765 2361 Congregatione
808 2302 1062 2358 provinciali
1099 2301 1247 2343 electi:
1296 2316 1393 2356 quae
1431 2300 1605 2355 quidem

221 2380 515 2437 Congregatio
551 2380 596 2420 in
640 2378 821 2434 singulis
858 2376 1095 2418 Provinciis
1134 2385 1233 2417 ante
1270 2375 1514 2431 generalem
1551 2375 1606 2414 ad

219 2457 338 2497 hunc
359 2457 492 2497 finem
514 2462 706 2511 cogetur.
770 2452 1043 2495 Convenient
1066 2459 1210 2492 autem
1239 2459 1281 2491 et
1314 2449 1506 2504 suffragii
1531 2448 1605 2503 jus

219 2531 446 2572 habebunt
475 2530 518 2570 in
550 2545 599 2571 ea
622 2529 810 2570 Professi
841 2542 991 2569 omnes
1016 2525 1268 2576 Provinciae,
1291 2524 1366 2579 qui
1396 2524 1604 2564 interesse

219 2614 443 2662 poterunt,
477 2604 706 2660 Praepositi
728 2605 972 2645 Domorum
1006 2610 1135 2656 atque
1160 2599 1468 2654 Collegiorum,
1492 2599 1603 2638 Rec-

221 2690 351 2733 tores,
374 2695 423 2721 ac
447 2681 768 2730 Procuratores,
790 2679 858 2720 vel
888 2679 931 2730 ii,
955 2692 1063 2732 quos
1094 2684 1303 2730 tanquam
1334 2673 1513 2715 vicarios
1545 2672 1606 2713 illi

223 2771 302 2798 suo
325 2756 500 2797 nomine
522 2754 732 2796 miserint.
796 2754 909 2795 Cum
932 2759 1172 2794 conventus
1196 2751 1250 2791 ad
1270 2765 1337 2791 res
1370 2749 1472 2789 alias
1495 2747 1606 2788 indi-

222 2839 424 2882 ceretur3
478 2830 743 2886 Praepositus
797 2827 1075 2870 Provincialis
1129 2826 1219 2866 sine
1272 2822 1605 2879 congregatione
