2004 3294
418 312 468 348 24

919 322 974 349 CO
983 323 1009 348 N
1018 322 1185 350 STJTUT
1194 322 1203 348 1
1212 322 1273 349 ΟΝ
1283 323 1308 349 ῐῖ
1318 323 1348 348 M

502 429 749 485 dispensare
791 431 1022 485 quicquam
1065 431 1115 471 de
1158 431 1222 482 iis,
1259 445 1354 485 quae
1389 430 1503 471 domi
1540 438 1656 481 sunt,
1691 429 1868 471 minime

500 509 698 558 possunt,
720 503 802 544 nisi
826 504 1028 559 Superior
1049 504 1246 545 conscius
1264 518 1522 545 consensum
1544 503 1806 559 praestiterit.

447 580 472 616 9
506 577 593 618 Qui
614 577 658 617 in
674 577 871 632 ingressu
892 577 1000 632 ipso,
1021 577 1088 617 vel
1109 586 1207 631 post
1229 577 1470 632 ingressum
1493 577 1547 619 ad
1563 577 1866 618 Obedientiam

504 655 647 691 motus
669 665 746 690 sua
767 650 1006 700 devotione,
1028 650 1154 690 vellet
1174 650 1288 690 bona
1320 665 1397 690 sua
1426 650 1493 691 vel
1524 665 1670 692 eorum
1701 656 1867 705 partem

504 725 547 763 in
590 724 814 763 Societatz's
853 723 1081 763 subsidium
1123 722 1397 778 dispensare;
1439 723 1558 763 haud
1595 723 1726 764 dubie
1759 737 1867 778 opus

502 796 659 837 faceret
679 796 851 851 majoris
872 796 1162 851 perfectionis,
1191 796 1474 848 alienationis,
1496 804 1539 838 et
1571 796 1868 852 abnegationis

504 869 691 911 universi
712 870 866 911 amoris
888 870 1049 925 proprii
1071 885 1158 911 non
1180 871 1480 911 descendendo
1511 879 1658 912 tenero
1681 870 1868 925 quodam

504 943 659 984 affeetu
690 944 744 984 ad
779 943 1050 999 particularia
1084 944 1191 996 loca,
1227 959 1305 985 nec
1343 944 1469 999 juxta
1499 944 1619 985 illum
1646 958 1724 985 sua
1754 944 1868 985 bona

504 1017 604 1058 huic
625 1017 783 1072 potius,
801 1033 929 1072 quam
951 1018 1010 1058 illi
1033 1018 1307 1073 applicando:
1341 1019 1444 1073 quin
1465 1018 1610 1073 potius
1625 1018 1867 1073 exoptando

503 1090 641 1145 majus
675 1098 718 1132 et
751 1091 1030 1133 universalius
1071 1091 1236 1133 bonum
1273 1091 1498 1133 Societatis
1539 1093 1651 1146 (quae
1686 1096 1778 1132 tota
1813 1091 1867 1132 ad

502 1164 707 1219 majorem
729 1166 813 1206 Dei
834 1166 1026 1220 gloriam,
1049 1180 1097 1207 ac
1118 1165 1355 1206 universale
1377 1165 1556 1218 bonum,
1573 1171 1615 1206 et
1637 1165 1866 1206 utilitatem

503 1238 741 1280 animarum
769 1239 969 1280 instituta
1000 1240 1079 1292 est)
1115 1240 1196 1281 hoc
1220 1239 1434 1294 judicium
1466 1239 1504 1280 ei
1534 1239 1762 1293 relinquat,
1794 1238 1868 1293 qui

501 1310 593 1365 ejus
634 1312 844 1354 universae
886 1327 1031 1354 curam
1072 1313 1218 1364 habet,
1259 1328 1365 1353 num
1399 1312 1605 1367 applicari
1640 1312 1742 1353 huic
1773 1312 1867 1353 loco

500 1385 660 1440 potius,
694 1387 820 1441 quam
850 1387 910 1427 illi
946 1387 989 1427 in
1019 1388 1168 1428 eadem
1201 1386 1425 1428 Provincia
1453 1386 1633 1427 debeat:
1675 1386 1869 1441 quando-

501 1459 675 1513 quidem
716 1460 785 1501 ille
827 1461 995 1512 melius,
1037 1461 1166 1515 quam
1208 1460 1435 1515 quisquam
1483 1459 1591 1501 alius
1631 1458 1868 1515 intelligere

499 1539 658 1587 potest,
687 1533 792 1588 quid
818 1534 1003 1575 maxime
1031 1534 1271 1585 conveniat,
1294 1540 1336 1575 et
1367 1533 1474 1588 quid
1504 1533 1688 1575 maxime
1718 1541 1869 1588 urgeat

500 1606 544 1646 in
567 1606 768 1647 omnibus
790 1607 881 1662 ejus
902 1608 1021 1659 locis,
1043 1608 1205 1649 ratione
1227 1608 1374 1649 habita
1394 1608 1579 1662 Regum,
1604 1607 1867 1662 Principum,

501 1693 549 1719 ac
578 1680 756 1720 aliorum
788 1681 1125 1731 Potentatuum3
1172 1696 1225 1722 ne
1260 1681 1318 1721 eis
1348 1695 1476 1722 causa
1507 1680 1595 1721 ulla
1621 1680 1867 1722 offensionis

502 1753 654 1805 detur3
687 1754 761 1795 sed
792 1755 845 1795 ad
876 1754 1079 1809 majorem
1111 1754 1438 1796 aedificationem
1471 1755 1679 1806 omnium,
1708 1762 1750 1795 et
1782 1755 1868 1810 spi-

497 1830 694 1871 ritualem
734 1831 964 1872 utilitatem
1007 1830 1259 1881 animarum,
1302 1839 1343 1871 et
1385 1831 1564 1885 gloriam
1598 1830 1682 1871 Dei
1724 1830 1868 1871 omnia

500 1904 667 1945 cedant.

417 1981 470 2018 10
500 1977 750 2018 Doceantur
784 1977 999 2032 quomodo
1037 1977 1090 2018 ab
1125 1977 1398 2018 illusionibus
1432 1978 1656 2018 Daemonis
1697 1978 1742 2018 in
1779 1978 1866 2019 suis

419 2649 465 2684 11

492 2050 785 2105 spiritualibus
827 2050 1202 2092 exercitationibus
1251 2056 1441 2102 caveant,
1482 2058 1525 2092 et
1565 2050 1781 2105 quomodo
1823 2066 1867 2092 sc

502 2132 651 2165 contra
701 2139 849 2166 omnes
899 2125 1159 2166 tentationes
1209 2130 1445 2166 tueantur:
1505 2124 1633 2166 simul
1681 2124 1867 2167 rationes

503 2198 653 2250 sciant,
695 2213 823 2253 quam
875 2198 966 2239 fieri
1016 2204 1175 2254 potest,
1217 2198 1543 2254 diligentissime
1590 2199 1867 2254 conquisitas,

502 2272 659 2326 quibus
700 2281 743 2313 et
784 2273 838 2313 ad
886 2273 1148 2328 superandas
1197 2272 1455 2314 tentationes
1496 2280 1690 2324 utantur,
1730 2278 1774 2314 et
1813 2273 1867 2314 ad

500 2361 621 2388 veras
653 2347 894 2402 solidasque
925 2347 1106 2388 virtutes
1144 2348 1465 2401 consequendas
1502 2347 1737 2397 insistant3
1780 2346 1866 2388 sive

500 2420 645 2476 plures
686 2421 829 2462 adsint
872 2421 1135 2462 visitationes
1178 2421 1434 2476 spirituales,
1483 2421 1568 2462 sive
1616 2420 1865 2477 pauciores:

502 2503 653 2536 curent
694 2496 792 2537 vero
835 2510 1002 2551 semper
1042 2496 1087 2536 in
1128 2495 1195 2536 via
1231 2495 1363 2536 divini
1400 2496 1558 2537 servitii
1591 2510 1866 2552 progressum

504 2571 653 2611 facere.

504 2643 695 2684 Utantur
708 2644 896 2698 quotidie
919 2644 1189 2685 conscientiae
1213 2659 1300 2685 suae
1323 2643 1635 2686 examinatione
1649 2650 1870 2694 consueta,

503 2726 544 2758 et
581 2726 729 2759 octavo
771 2734 941 2774 quoque
973 2718 1040 2760 die
1073 2718 1222 2759 saltem
1260 2719 1314 2760 ad
1348 2718 1642 2761 Confessionis
1667 2725 1711 2759 et
1737 2717 1868 2759 Com-

503 2792 719 2833 munionis
755 2801 1019 2835 sacramenta
1061 2793 1298 2842 accedant:
1352 2795 1431 2834 nisi
1472 2792 1613 2847 aliqua
1654 2792 1705 2833 de
1740 2806 1868 2834 causa
