<?xml version="1.0" encoding="UTF-8"?>
<!DOCTYPE html PUBLIC "-//W3C//DTD XHTML 1.0 Transitional//EN"
    "http://www.w3.org/TR/xhtml1/DTD/xhtml1-transitional.dtd">
<html xmlns="http://www.w3.org/1999/xhtml" xml:lang="en" lang="en">
 <head>
  <title>
</title>
<meta http-equiv="Content-Type" content="text/html;charset=utf-8" />
  <meta name='ocr-system' content='tesseract 3.04.00' />
  <meta name='ocr-capabilities' content='ocr_page ocr_carea ocr_par ocr_line ocrx_word'/>
</head>
<body>
  <div class='ocr_page' id='page_1' title='image "./constitutionesso00jesuuoft_0043.png"; bbox 0 0 1987 3374; ppageno 0'>
   <div class='ocr_carea' id='block_1_1' title="bbox 714 351 1597 388">
    <p class='ocr_par' dir='ltr' id='par_1_1' title="bbox 714 351 1597 388">
     <span class='ocr_line' id='line_1_1' title="bbox 714 351 1597 388; baseline 0.001 -1"><span class='ocrx_word' id='word_1_1' title='bbox 714 360 834 388; x_wconf 81' lang='lat' dir='ltr'>PARS</span> <span class='ocrx_word' id='word_1_2' title='bbox 869 359 1065 387; x_wconf 72' lang='lat' dir='ltr'>TER&#39;rlA.</span> <span class='ocrx_word' id='word_1_3' title='bbox 1546 351 1597 388; x_wconf 86' lang='lat'>31</span> 
     </span>
    </p>
   </div>
   <div class='ocr_carea' id='block_1_2' title="bbox 217 468 1604 2819">
    <p class='ocr_par' dir='ltr' id='par_1_2' title="bbox 224 468 1603 958">
     <span class='ocr_line' id='line_1_2' title="bbox 226 468 1603 529; baseline -0.005 -14"><span class='ocrx_word' id='word_1_4' title='bbox 226 472 464 529; x_wconf 81' lang='lat' dir='ltr'>posuerint,</span> <span class='ocrx_word' id='word_1_5' title='bbox 493 471 531 512; x_wconf 92' lang='lat' dir='ltr'>ei</span> <span class='ocrx_word' id='word_1_6' title='bbox 559 477 695 512; x_wconf 89' lang='lat' dir='ltr'>totam</span> <span class='ocrx_word' id='word_1_7' title='bbox 733 484 880 511; x_wconf 88' lang='lat' dir='ltr'>curam</span> <span class='ocrx_word' id='word_1_8' title='bbox 913 469 974 510; x_wconf 89' lang='lat' dir='ltr'>rei</span> <span class='ocrx_word' id='word_1_9' title='bbox 1009 468 1214 524; x_wconf 79' lang='lat' dir='ltr'>expositae</span> <span class='ocrx_word' id='word_1_10' title='bbox 1243 468 1516 524; x_wconf 76' lang='lat' dir='ltr'>relinquant:</span> <span class='ocrx_word' id='word_1_11' title='bbox 1560 478 1603 513; x_wconf 84' lang='lat' dir='ltr'>et</span> 
     </span>
     <span class='ocr_line' id='line_1_3' title="bbox 227 543 1600 603; baseline -0.001 -15"><span class='ocrx_word' id='word_1_12' title='bbox 227 546 435 603; x_wconf 90' lang='lat' dir='ltr'>quicquid</span> <span class='ocrx_word' id='word_1_13' title='bbox 455 545 525 587; x_wconf 88' lang='lat' dir='ltr'>ille</span> <span class='ocrx_word' id='word_1_14' title='bbox 548 544 760 595; x_wconf 87' lang='lat' dir='ltr'>statuerit,</span> <span class='ocrx_word' id='word_1_15' title='bbox 783 544 998 599; x_wconf 90' lang='lat' dir='ltr'>optimum</span> <span class='ocrx_word' id='word_1_16' title='bbox 1021 543 1183 584; x_wconf 85' lang='lat' dir='ltr'>ducant</span> <span class='ocrx_word' id='word_1_17' title='bbox 1196 560 1207 594; x_wconf 84' lang='lat'>3</span> <span class='ocrx_word' id='word_1_18' title='bbox 1240 558 1319 584; x_wconf 91' lang='lat' dir='ltr'>nec</span> <span class='ocrx_word' id='word_1_19' title='bbox 1342 545 1600 587; x_wconf 88' lang='lat' dir='ltr'>contendere</span> 
     </span>
     <span class='ocr_line' id='line_1_4' title="bbox 227 617 1602 675; baseline -0.001 -14"><span class='ocrx_word' id='word_1_20' title='bbox 227 626 302 662; x_wconf 89' lang='lat' dir='ltr'>aut</span> <span class='ocrx_word' id='word_1_21' title='bbox 317 635 468 675; x_wconf 83' lang='lat' dir='ltr'>urgere</span> <span class='ocrx_word' id='word_1_22' title='bbox 490 634 567 675; x_wconf 89' lang='lat' dir='ltr'>per</span> <span class='ocrx_word' id='word_1_23' title='bbox 589 634 632 661; x_wconf 91' lang='lat' dir='ltr'>se</span> <span class='ocrx_word' id='word_1_24' title='bbox 654 619 723 660; x_wconf 76' lang='lat' dir='ltr'>vel</span> <span class='ocrx_word' id='word_1_25' title='bbox 744 618 875 659; x_wconf 83' lang='lat' dir='ltr'>alium</span> <span class='ocrx_word' id='word_1_26' title='bbox 896 617 999 671; x_wconf 89' lang='lat' dir='ltr'>(sive</span> <span class='ocrx_word' id='word_1_27' title='bbox 1017 618 1279 658; x_wconf 83' lang='lat' dir='ltr'>concedatur</span> <span class='ocrx_word' id='word_1_28' title='bbox 1293 618 1410 672; x_wconf 90' lang='lat' dir='ltr'>quod</span> <span class='ocrx_word' id='word_1_29' title='bbox 1425 618 1602 674; x_wconf 84' lang='lat' dir='ltr'>petitur,</span> 
     </span>
     <span class='ocr_line' id='line_1_5' title="bbox 226 691 1603 749; baseline -0.001 -13"><span class='ocrx_word' id='word_1_30' title='bbox 226 695 314 736; x_wconf 76' lang='lat' dir='ltr'>sive</span> <span class='ocrx_word' id='word_1_31' title='bbox 343 695 448 748; x_wconf 91' lang='lat' dir='ltr'>non)</span> <span class='ocrx_word' id='word_1_32' title='bbox 482 701 699 749; x_wconf 79' lang='lat' dir='ltr'>pergant:</span> <span class='ocrx_word' id='word_1_33' title='bbox 745 691 1098 747; x_wconf 86' lang='lat' dir='ltr'>quandoquidem</span> <span class='ocrx_word' id='word_1_34' title='bbox 1130 691 1210 732; x_wconf 79' lang='lat' dir='ltr'>sibi</span> <span class='ocrx_word' id='word_1_35' title='bbox 1241 693 1498 747; x_wconf 87' lang='lat' dir='ltr'>persuadere</span> <span class='ocrx_word' id='word_1_36' title='bbox 1530 694 1603 735; x_wconf 88' lang='lat' dir='ltr'>de-</span> 
     </span>
     <span class='ocr_line' id='line_1_6' title="bbox 224 767 1603 823; baseline -0.001 -12"><span class='ocrx_word' id='word_1_37' title='bbox 224 770 344 821; x_wconf 87' lang='lat' dir='ltr'>bent,</span> <span class='ocrx_word' id='word_1_38' title='bbox 376 770 421 810; x_wconf 87' lang='lat' dir='ltr'>id</span> <span class='ocrx_word' id='word_1_39' title='bbox 453 769 591 823; x_wconf 73' lang='lat' dir='ltr'>magis</span> <span class='ocrx_word' id='word_1_40' title='bbox 625 768 824 823; x_wconf 78' lang='lat' dir='ltr'>expedire</span> <span class='ocrx_word' id='word_1_41' title='bbox 861 767 915 808; x_wconf 89' lang='lat' dir='ltr'>ad</span> <span class='ocrx_word' id='word_1_42' title='bbox 953 767 1148 808; x_wconf 74' lang='lat' dir='ltr'>divinum</span> <span class='ocrx_word' id='word_1_43' title='bbox 1184 767 1525 823; x_wconf 88' lang='lat' dir='ltr'>bene-placitum</span> <span class='ocrx_word' id='word_1_44' title='bbox 1555 783 1603 810; x_wconf 87' lang='lat' dir='ltr'>ac</span> 
     </span>
     <span class='ocr_line' id='line_1_7' title="bbox 226 841 1603 899; baseline 0 -14"><span class='ocrx_word' id='word_1_45' title='bbox 226 859 354 885; x_wconf 92' lang='lat' dir='ltr'>suum</span> <span class='ocrx_word' id='word_1_46' title='bbox 390 843 529 899; x_wconf 87' lang='lat' dir='ltr'>majus</span> <span class='ocrx_word' id='word_1_47' title='bbox 564 843 744 893; x_wconf 90' lang='lat' dir='ltr'>bonum,</span> <span class='ocrx_word' id='word_1_48' title='bbox 787 842 904 896; x_wconf 87' lang='lat' dir='ltr'>quod</span> <span class='ocrx_word' id='word_1_49' title='bbox 941 841 1174 896; x_wconf 81' lang='lat' dir='ltr'>Superiori,</span> <span class='ocrx_word' id='word_1_50' title='bbox 1216 857 1259 883; x_wconf 91' lang='lat' dir='ltr'>re</span> <span class='ocrx_word' id='word_1_51' title='bbox 1293 842 1525 895; x_wconf 91' lang='lat' dir='ltr'>intellecta,</span> <span class='ocrx_word' id='word_1_52' title='bbox 1558 844 1603 885; x_wconf 89' lang='lat' dir='ltr'>in</span> 
     </span>
     <span class='ocr_line' id='line_1_8' title="bbox 227 916 746 958; baseline -0.004 0"><span class='ocrx_word' id='word_1_53' title='bbox 227 917 420 958; x_wconf 92' lang='lat' dir='ltr'>Domino</span> <span class='ocrx_word' id='word_1_54' title='bbox 441 917 582 958; x_wconf 90' lang='lat' dir='ltr'>visum</span> <span class='ocrx_word' id='word_1_55' title='bbox 603 916 746 957; x_wconf 89' lang='lat' dir='ltr'>fuerit.</span> 
     </span>
    </p>

    <p class='ocr_par' dir='ltr' id='par_1_3' title="bbox 226 989 1602 1108">
     <span class='ocr_line' id='line_1_9' title="bbox 226 989 1602 1046; baseline 0 -13"><span class='ocrx_word' id='word_1_56' title='bbox 226 992 453 1034; x_wconf 87' lang='lat' dir='ltr'>Statuatur</span> <span class='ocrx_word' id='word_1_57' title='bbox 482 999 655 1046; x_wconf 89' lang='lat' dir='ltr'>tempus</span> <span class='ocrx_word' id='word_1_58' title='bbox 687 989 857 1041; x_wconf 82' lang='lat' dir='ltr'>edendj‚</span> <span class='ocrx_word' id='word_1_59' title='bbox 879 989 1082 1042; x_wconf 81' lang='lat' dir='ltr'>cubandi,</span> <span class='ocrx_word' id='word_1_60' title='bbox 1105 991 1325 1046; x_wconf 77' lang='lat' dir='ltr'>surgendi,</span> <span class='ocrx_word' id='word_1_61' title='bbox 1347 992 1465 1045; x_wconf 89' lang='lat' dir='ltr'>quod</span> <span class='ocrx_word' id='word_1_62' title='bbox 1487 1007 1602 1033; x_wconf 90' lang='lat' dir='ltr'>com-</span> 
     </span>
     <span class='ocr_line' id='line_1_10' title="bbox 227 1065 853 1108; baseline -0.003 0"><span class='ocrx_word' id='word_1_63' title='bbox 227 1066 418 1108; x_wconf 87' lang='lat' dir='ltr'>muniter</span> <span class='ocrx_word' id='word_1_64' title='bbox 438 1080 588 1108; x_wconf 91' lang='lat' dir='ltr'>omnes</span> <span class='ocrx_word' id='word_1_65' title='bbox 610 1065 853 1107; x_wconf 83' lang='lat' dir='ltr'>observent.</span> 
     </span>
    </p>

    <p class='ocr_par' dir='ltr' id='par_1_4' title="bbox 223 1139 1604 1566">
     <span class='ocr_line' id='line_1_11' title="bbox 227 1139 1604 1196; baseline 0.001 -14"><span class='ocrx_word' id='word_1_66' title='bbox 227 1141 281 1182; x_wconf 92' lang='lat' dir='ltr'>In</span> <span class='ocrx_word' id='word_1_67' title='bbox 302 1140 369 1193; x_wconf 93' lang='lat' dir='ltr'>iis,</span> <span class='ocrx_word' id='word_1_68' title='bbox 391 1155 489 1196; x_wconf 84' lang='lat' dir='ltr'>quae</span> <span class='ocrx_word' id='word_1_69' title='bbox 511 1141 566 1181; x_wconf 89' lang='lat' dir='ltr'>ad</span> <span class='ocrx_word' id='word_1_70' title='bbox 585 1139 764 1192; x_wconf 86' lang='lat' dir='ltr'>victum,</span> <span class='ocrx_word' id='word_1_71' title='bbox 785 1139 1006 1191; x_wconf 87' lang='lat' dir='ltr'>vestitum,</span> <span class='ocrx_word' id='word_1_72' title='bbox 1028 1148 1071 1182; x_wconf 93' lang='lat' dir='ltr'>et</span> <span class='ocrx_word' id='word_1_73' title='bbox 1101 1140 1428 1193; x_wconf 82' lang='lat' dir='ltr'>habitationem,</span> <span class='ocrx_word' id='word_1_74' title='bbox 1450 1149 1492 1183; x_wconf 92' lang='lat' dir='ltr'>et</span> <span class='ocrx_word' id='word_1_75' title='bbox 1523 1142 1604 1183; x_wconf 82' lang='lat' dir='ltr'>alia</span> 
     </span>
     <span class='ocr_line' id='line_1_12' title="bbox 225 1214 1602 1271; baseline 0.001 -15"><span class='ocrx_word' id='word_1_76' title='bbox 225 1215 393 1271; x_wconf 89' lang='lat' dir='ltr'>corpori</span> <span class='ocrx_word' id='word_1_77' title='bbox 413 1214 655 1256; x_wconf 88' lang='lat' dir='ltr'>necessaria</span> <span class='ocrx_word' id='word_1_78' title='bbox 674 1214 910 1269; x_wconf 84' lang='lat' dir='ltr'>pertinent,</span> <span class='ocrx_word' id='word_1_79' title='bbox 933 1220 1107 1255; x_wconf 89' lang='lat' dir='ltr'>curetur</span> <span class='ocrx_word' id='word_1_80' title='bbox 1128 1229 1228 1256; x_wconf 87' lang='lat' dir='ltr'>cum</span> <span class='ocrx_word' id='word_1_81' title='bbox 1251 1215 1397 1257; x_wconf 83' lang='lat' dir='ltr'>divino</span> <span class='ocrx_word' id='word_1_82' title='bbox 1419 1216 1602 1269; x_wconf 80' lang='lat' dir='ltr'>auxilio3</span> 
     </span>
     <span class='ocr_line' id='line_1_13' title="bbox 223 1288 1603 1346; baseline 0.001 -15"><span class='ocrx_word' id='word_1_83' title='bbox 223 1297 273 1331; x_wconf 93' lang='lat' dir='ltr'>ut</span> <span class='ocrx_word' id='word_1_84' title='bbox 304 1289 486 1344; x_wconf 84' lang='lat' dir='ltr'>quanvis</span> <span class='ocrx_word' id='word_1_85' title='bbox 518 1288 588 1340; x_wconf 88' lang='lat' dir='ltr'>sit,</span> <span class='ocrx_word' id='word_1_86' title='bbox 618 1288 664 1329; x_wconf 89' lang='lat' dir='ltr'>in</span> <span class='ocrx_word' id='word_1_87' title='bbox 693 1302 778 1343; x_wconf 92' lang='lat' dir='ltr'>quo</span> <span class='ocrx_word' id='word_1_88' title='bbox 809 1288 1017 1344; x_wconf 89' lang='lat' dir='ltr'>probetur</span> <span class='ocrx_word' id='word_1_89' title='bbox 1046 1289 1198 1341; x_wconf 75' lang='lat' dir='ltr'>virtus,</span> <span class='ocrx_word' id='word_1_90' title='bbox 1220 1298 1262 1331; x_wconf 91' lang='lat' dir='ltr'>et</span> <span class='ocrx_word' id='word_1_91' title='bbox 1285 1290 1351 1332; x_wconf 92' lang='lat' dir='ltr'>sui</span> <span class='ocrx_word' id='word_1_92' title='bbox 1372 1291 1507 1346; x_wconf 86' lang='lat' dir='ltr'>ipsius</span> <span class='ocrx_word' id='word_1_93' title='bbox 1530 1292 1603 1333; x_wconf 87' lang='lat' dir='ltr'>ab·</span> 
     </span>
     <span class='ocr_line' id='line_1_14' title="bbox 225 1362 1603 1418; baseline 0.004 -15"><span class='ocrx_word' id='word_1_94' title='bbox 225 1363 412 1418; x_wconf 86' lang='lat' dir='ltr'>negatiO,</span> <span class='ocrx_word' id='word_1_95' title='bbox 433 1378 523 1404; x_wconf 90' lang='lat' dir='ltr'>non</span> <span class='ocrx_word' id='word_1_96' title='bbox 545 1362 655 1404; x_wconf 82' lang='lat' dir='ltr'>desit</span> <span class='ocrx_word' id='word_1_97' title='bbox 686 1371 847 1414; x_wconf 86' lang='lat' dir='ltr'>tamen,</span> <span class='ocrx_word' id='word_1_98' title='bbox 879 1378 965 1418; x_wconf 92' lang='lat' dir='ltr'>quo</span> <span class='ocrx_word' id='word_1_99' title='bbox 997 1372 1265 1405; x_wconf 83' lang='lat' dir='ltr'>sustentetur</span> <span class='ocrx_word' id='word_1_100' title='bbox 1296 1371 1463 1417; x_wconf 84' lang='lat' dir='ltr'>natura,</span> <span class='ocrx_word' id='word_1_101' title='bbox 1485 1375 1527 1408; x_wconf 92' lang='lat' dir='ltr'>et</span> <span class='ocrx_word' id='word_1_102' title='bbox 1550 1368 1603 1408; x_wconf 85' lang='lat' dir='ltr'>ad</span> 
     </span>
     <span class='ocr_line' id='line_1_15' title="bbox 225 1436 1602 1492; baseline 0.004 -15"><span class='ocrx_word' id='word_1_103' title='bbox 225 1437 420 1478; x_wconf 87' lang='lat' dir='ltr'>divinum</span> <span class='ocrx_word' id='word_1_104' title='bbox 442 1436 699 1491; x_wconf 89' lang='lat' dir='ltr'>obsequium</span> <span class='ocrx_word' id='word_1_105' title='bbox 730 1437 988 1492; x_wconf 88' lang='lat' dir='ltr'>laudemque</span> <span class='ocrx_word' id='word_1_106' title='bbox 1021 1446 1311 1491; x_wconf 79' lang='lat' dir='ltr'>conservetur,</span> <span class='ocrx_word' id='word_1_107' title='bbox 1332 1439 1481 1481; x_wconf 87' lang='lat' dir='ltr'>habita</span> <span class='ocrx_word' id='word_1_108' title='bbox 1501 1455 1602 1482; x_wconf 86' lang='lat' dir='ltr'>con-</span> 
     </span>
     <span class='ocr_line' id='line_1_16' title="bbox 224 1511 1202 1566; baseline 0.002 -14"><span class='ocrx_word' id='word_1_109' title='bbox 224 1511 416 1553; x_wconf 86' lang='lat' dir='ltr'>venienti</span> <span class='ocrx_word' id='word_1_110' title='bbox 436 1511 601 1552; x_wconf 86' lang='lat' dir='ltr'>ratione</span> <span class='ocrx_word' id='word_1_111' title='bbox 622 1525 906 1566; x_wconf 86' lang='lat' dir='ltr'>personarum</span> <span class='ocrx_word' id='word_1_112' title='bbox 928 1511 973 1552; x_wconf 93' lang='lat' dir='ltr'>in</span> <span class='ocrx_word' id='word_1_113' title='bbox 996 1512 1202 1554; x_wconf 87' lang='lat' dir='ltr'>Domino.</span> 
     </span>
    </p>

    <p class='ocr_par' dir='ltr' id='par_1_5' title="bbox 223 1585 1604 2073">
     <span class='ocr_line' id='line_1_17' title="bbox 225 1585 1602 1642; baseline 0.003 -15"><span class='ocrx_word' id='word_1_114' title='bbox 225 1586 289 1628; x_wconf 88' lang='lat' dir='ltr'>Ut</span> <span class='ocrx_word' id='word_1_115' title='bbox 310 1600 399 1627; x_wconf 90' lang='lat' dir='ltr'>non</span> <span class='ocrx_word' id='word_1_116' title='bbox 421 1585 595 1641; x_wconf 82' lang='lat' dir='ltr'>expedit</span> <span class='ocrx_word' id='word_1_117' title='bbox 616 1593 739 1627; x_wconf 90' lang='lat' dir='ltr'>tanto</span> <span class='ocrx_word' id='word_1_118' title='bbox 761 1586 905 1627; x_wconf 85' lang='lat' dir='ltr'>labore</span> <span class='ocrx_word' id='word_1_119' title='bbox 928 1587 1138 1641; x_wconf 87' lang='lat' dir='ltr'>corporali</span> <span class='ocrx_word' id='word_1_120' title='bbox 1159 1602 1407 1642; x_wconf 83' lang='lat' dir='ltr'>quenquam</span> <span class='ocrx_word' id='word_1_121' title='bbox 1422 1591 1602 1642; x_wconf 87' lang='lat' dir='ltr'>onerari,</span> 
     </span>
     <span class='ocr_line' id='line_1_18' title="bbox 226 1659 1604 1717; baseline 0.004 -18"><span class='ocrx_word' id='word_1_122' title='bbox 226 1667 276 1700; x_wconf 91' lang='lat' dir='ltr'>ut</span> <span class='ocrx_word' id='word_1_123' title='bbox 305 1659 482 1714; x_wconf 90' lang='lat' dir='ltr'>spiritus</span> <span class='ocrx_word' id='word_1_124' title='bbox 517 1659 741 1711; x_wconf 84' lang='lat' dir='ltr'>obruatur,</span> <span class='ocrx_word' id='word_1_125' title='bbox 777 1668 820 1701; x_wconf 88' lang='lat' dir='ltr'>et</span> <span class='ocrx_word' id='word_1_126' title='bbox 854 1674 1011 1715; x_wconf 87' lang='lat' dir='ltr'>corpus</span> <span class='ocrx_word' id='word_1_127' title='bbox 1045 1661 1354 1702; x_wconf 87' lang='lat' dir='ltr'>detrimentum</span> <span class='ocrx_word' id='word_1_128' title='bbox 1387 1663 1604 1717; x_wconf 82' lang='lat' dir='ltr'>patiatur3</span> 
     </span>
     <span class='ocr_line' id='line_1_19' title="bbox 223 1733 1603 1792; baseline 0.004 -18"><span class='ocrx_word' id='word_1_129' title='bbox 223 1733 284 1775; x_wconf 88' lang='lat' dir='ltr'>ita</span> <span class='ocrx_word' id='word_1_130' title='bbox 319 1733 462 1788; x_wconf 87' lang='lat' dir='ltr'>aliqua</span> <span class='ocrx_word' id='word_1_131' title='bbox 497 1733 730 1789; x_wconf 86' lang='lat' dir='ltr'>corporalis</span> <span class='ocrx_word' id='word_1_132' title='bbox 773 1733 1034 1785; x_wconf 83' lang='lat' dir='ltr'>exercitatio,</span> <span class='ocrx_word' id='word_1_133' title='bbox 1077 1749 1174 1789; x_wconf 79' lang='lat' dir='ltr'>quae</span> <span class='ocrx_word' id='word_1_134' title='bbox 1208 1740 1427 1791; x_wconf 91' lang='lat' dir='ltr'>utrunque</span> <span class='ocrx_word' id='word_1_135' title='bbox 1463 1737 1603 1792; x_wconf 72' lang='lat' dir='ltr'>juvet,</span> 
     </span>
     <span class='ocr_line' id='line_1_20' title="bbox 223 1807 1603 1866; baseline 0.004 -17"><span class='ocrx_word' id='word_1_136' title='bbox 223 1807 426 1850; x_wconf 88' lang='lat' dir='ltr'>omnibus</span> <span class='ocrx_word' id='word_1_137' title='bbox 454 1808 742 1850; x_wconf 89' lang='lat' dir='ltr'>communiter</span> <span class='ocrx_word' id='word_1_138' title='bbox 773 1808 989 1860; x_wconf 82' lang='lat' dir='ltr'>convenit,</span> <span class='ocrx_word' id='word_1_139' title='bbox 1019 1809 1149 1850; x_wconf 91' lang='lat' dir='ltr'>etiam</span> <span class='ocrx_word' id='word_1_140' title='bbox 1177 1809 1275 1862; x_wconf 83' lang='lat' dir='ltr'>illis,</span> <span class='ocrx_word' id='word_1_141' title='bbox 1304 1810 1379 1866; x_wconf 91' lang='lat' dir='ltr'>qui</span> <span class='ocrx_word' id='word_1_142' title='bbox 1406 1813 1603 1854; x_wconf 87' lang='lat' dir='ltr'>mentali-</span> 
     </span>
     <span class='ocr_line' id='line_1_21' title="bbox 223 1882 1603 1940; baseline 0.004 -16"><span class='ocrx_word' id='word_1_143' title='bbox 223 1883 307 1925; x_wconf 90' lang='lat' dir='ltr'>bus</span> <span class='ocrx_word' id='word_1_144' title='bbox 348 1883 561 1925; x_wconf 87' lang='lat' dir='ltr'>exercitiis</span> <span class='ocrx_word' id='word_1_145' title='bbox 595 1882 755 1924; x_wconf 88' lang='lat' dir='ltr'>debent</span> <span class='ocrx_word' id='word_1_146' title='bbox 794 1883 1020 1935; x_wconf 72' lang='lat' dir='ltr'>insistere,</span> <span class='ocrx_word' id='word_1_147' title='bbox 1067 1899 1163 1939; x_wconf 86' lang='lat' dir='ltr'>quae</span> <span class='ocrx_word' id='word_1_148' title='bbox 1200 1885 1375 1940; x_wconf 90' lang='lat' dir='ltr'>quidem</span> <span class='ocrx_word' id='word_1_149' title='bbox 1417 1888 1603 1929; x_wconf 84' lang='lat' dir='ltr'>externis</span> 
     </span>
     <span class='ocr_line' id='line_1_22' title="bbox 224 1958 1604 2014; baseline 0.004 -15"><span class='ocrx_word' id='word_1_150' title='bbox 224 1958 482 2014; x_wconf 87' lang='lat' dir='ltr'>interrumpi</span> <span class='ocrx_word' id='word_1_151' title='bbox 505 1958 726 2010; x_wconf 86' lang='lat' dir='ltr'>deberent,</span> <span class='ocrx_word' id='word_1_152' title='bbox 742 1967 785 2000; x_wconf 89' lang='lat' dir='ltr'>et</span> <span class='ocrx_word' id='word_1_153' title='bbox 807 1973 895 2000; x_wconf 90' lang='lat' dir='ltr'>non</span> <span class='ocrx_word' id='word_1_154' title='bbox 917 1958 1174 2011; x_wconf 87' lang='lat' dir='ltr'>continuari,</span> <span class='ocrx_word' id='word_1_155' title='bbox 1192 1975 1271 2001; x_wconf 90' lang='lat' dir='ltr'>nec</span> <span class='ocrx_word' id='word_1_156' title='bbox 1294 1961 1384 2002; x_wconf 89' lang='lat' dir='ltr'>sine</span> <span class='ocrx_word' id='word_1_157' title='bbox 1401 1976 1604 2004; x_wconf 88' lang='lat' dir='ltr'>mensura</span> 
     </span>
     <span class='ocr_line' id='line_1_23' title="bbox 225 2032 694 2073; baseline -0.002 0"><span class='ocrx_word' id='word_1_158' title='bbox 225 2032 495 2073; x_wconf 85' lang='lat' dir='ltr'>discretionis</span> <span class='ocrx_word' id='word_1_159' title='bbox 518 2032 694 2073; x_wconf 87' lang='lat' dir='ltr'>assumi.</span> 
     </span>
    </p>

    <p class='ocr_par' dir='ltr' id='par_1_6' title="bbox 217 2106 1602 2819">
     <span class='ocr_line' id='line_1_24' title="bbox 225 2106 1602 2162; baseline 0.004 -15"><span class='ocrx_word' id='word_1_160' title='bbox 225 2106 430 2162; x_wconf 83' lang='lat' dir='ltr'>Corporis</span> <span class='ocrx_word' id='word_1_161' title='bbox 459 2107 684 2162; x_wconf 82' lang='lat' dir='ltr'>castigatio</span> <span class='ocrx_word' id='word_1_162' title='bbox 716 2107 997 2148; x_wconf 86' lang='lat' dir='ltr'>immoderata</span> <span class='ocrx_word' id='word_1_163' title='bbox 1024 2123 1116 2149; x_wconf 83' lang='lat' dir='ltr'>esse</span> <span class='ocrx_word' id='word_1_164' title='bbox 1143 2124 1230 2150; x_wconf 91' lang='lat' dir='ltr'>non</span> <span class='ocrx_word' id='word_1_165' title='bbox 1262 2109 1404 2162; x_wconf 90' lang='lat' dir='ltr'>debet,</span> <span class='ocrx_word' id='word_1_166' title='bbox 1433 2126 1511 2152; x_wconf 92' lang='lat' dir='ltr'>nec</span> <span class='ocrx_word' id='word_1_167' title='bbox 1537 2112 1602 2153; x_wconf 91' lang='lat' dir='ltr'>in-</span> 
     </span>
     <span class='ocr_line' id='line_1_25' title="bbox 224 2181 1601 2240; baseline 0.004 -19"><span class='ocrx_word' id='word_1_168' title='bbox 224 2181 410 2222; x_wconf 86' lang='lat' dir='ltr'>discreta</span> <span class='ocrx_word' id='word_1_169' title='bbox 430 2181 475 2222; x_wconf 92' lang='lat' dir='ltr'>in</span> <span class='ocrx_word' id='word_1_170' title='bbox 496 2181 652 2236; x_wconf 82' lang='lat' dir='ltr'>vigiliis</span> <span class='ocrx_word' id='word_1_171' title='bbox 680 2190 723 2223; x_wconf 91' lang='lat' dir='ltr'>et</span> <span class='ocrx_word' id='word_1_172' title='bbox 751 2182 1039 2234; x_wconf 85' lang='lat' dir='ltr'>abstinentiis,</span> <span class='ocrx_word' id='word_1_173' title='bbox 1068 2192 1110 2224; x_wconf 89' lang='lat' dir='ltr'>et</span> <span class='ocrx_word' id='word_1_174' title='bbox 1142 2184 1233 2224; x_wconf 85' lang='lat' dir='ltr'>aliis</span> <span class='ocrx_word' id='word_1_175' title='bbox 1258 2185 1525 2240; x_wconf 86' lang='lat' dir='ltr'>poenitentiis</span> <span class='ocrx_word' id='word_1_176' title='bbox 1554 2202 1601 2227; x_wconf 88' lang='lat' dir='ltr'>ac</span> 
     </span>
     <span class='ocr_line' id='line_1_26' title="bbox 224 2254 1601 2311; baseline 0.004 -16"><span class='ocrx_word' id='word_1_177' title='bbox 224 2254 453 2296; x_wconf 84' lang='lat' dir='ltr'>laboribus</span> <span class='ocrx_word' id='word_1_178' title='bbox 467 2255 682 2307; x_wconf 75' lang='lat' dir='ltr'>externis,</span> <span class='ocrx_word' id='word_1_179' title='bbox 715 2270 811 2310; x_wconf 85' lang='lat' dir='ltr'>quae</span> <span class='ocrx_word' id='word_1_180' title='bbox 834 2264 875 2297; x_wconf 90' lang='lat' dir='ltr'>et</span> <span class='ocrx_word' id='word_1_181' title='bbox 898 2263 1211 2298; x_wconf 88' lang='lat' dir='ltr'>nocumentum</span> <span class='ocrx_word' id='word_1_182' title='bbox 1243 2259 1406 2311; x_wconf 85' lang='lat' dir='ltr'>afferre,</span> <span class='ocrx_word' id='word_1_183' title='bbox 1438 2268 1479 2301; x_wconf 89' lang='lat' dir='ltr'>et</span> <span class='ocrx_word' id='word_1_184' title='bbox 1511 2275 1601 2301; x_wconf 89' lang='lat' dir='ltr'>ma-</span> 
     </span>
     <span class='ocr_line' id='line_1_27' title="bbox 217 2328 1600 2389; baseline 0.004 -20"><span class='ocrx_word' id='word_1_185' title='bbox 217 2328 315 2384; x_wconf 87' lang='lat' dir='ltr'>jora</span> <span class='ocrx_word' id='word_1_186' title='bbox 334 2329 449 2370; x_wconf 87' lang='lat' dir='ltr'>bona</span> <span class='ocrx_word' id='word_1_187' title='bbox 470 2329 678 2385; x_wconf 87' lang='lat' dir='ltr'>impedire</span> <span class='ocrx_word' id='word_1_188' title='bbox 701 2330 854 2372; x_wconf 90' lang='lat' dir='ltr'>solent.</span> <span class='ocrx_word' id='word_1_189' title='bbox 918 2331 1022 2372; x_wconf 88' lang='lat' dir='ltr'>Ideo</span> <span class='ocrx_word' id='word_1_190' title='bbox 1055 2347 1132 2373; x_wconf 92' lang='lat' dir='ltr'>suo</span> <span class='ocrx_word' id='word_1_191' title='bbox 1156 2332 1430 2375; x_wconf 86' lang='lat' dir='ltr'>Confessario</span> <span class='ocrx_word' id='word_1_192' title='bbox 1459 2335 1600 2389; x_wconf 76' lang='lat' dir='ltr'>detegi</span> 
     </span>
     <span class='ocr_line' id='line_1_28' title="bbox 224 2403 1600 2463; baseline 0.004 -19"><span class='ocrx_word' id='word_1_193' title='bbox 224 2403 278 2444; x_wconf 87' lang='lat' dir='ltr'>ab</span> <span class='ocrx_word' id='word_1_194' title='bbox 311 2419 574 2459; x_wconf 91' lang='lat' dir='ltr'>unoquoque</span> <span class='ocrx_word' id='word_1_195' title='bbox 611 2405 811 2446; x_wconf 87' lang='lat' dir='ltr'>convenit</span> <span class='ocrx_word' id='word_1_196' title='bbox 854 2405 1062 2460; x_wconf 87' lang='lat' dir='ltr'>quicquid</span> <span class='ocrx_word' id='word_1_197' title='bbox 1097 2406 1141 2447; x_wconf 91' lang='lat' dir='ltr'>in</span> <span class='ocrx_word' id='word_1_198' title='bbox 1175 2407 1255 2448; x_wconf 88' lang='lat' dir='ltr'>hac</span> <span class='ocrx_word' id='word_1_199' title='bbox 1288 2416 1410 2463; x_wconf 86' lang='lat' dir='ltr'>parte</span> <span class='ocrx_word' id='word_1_200' title='bbox 1446 2409 1600 2461; x_wconf 80' lang='lat' dir='ltr'>faciat3</span> 
     </span>
     <span class='ocr_line' id='line_1_29' title="bbox 224 2479 1599 2535; baseline 0.004 -16"><span class='ocrx_word' id='word_1_201' title='bbox 224 2479 299 2533; x_wconf 91' lang='lat' dir='ltr'>qui</span> <span class='ocrx_word' id='word_1_202' title='bbox 335 2479 371 2520; x_wconf 90' lang='lat' dir='ltr'>si</span> <span class='ocrx_word' id='word_1_203' title='bbox 406 2479 575 2535; x_wconf 88' lang='lat' dir='ltr'>judicat</span> <span class='ocrx_word' id='word_1_204' title='bbox 609 2480 757 2521; x_wconf 84' lang='lat' dir='ltr'>excedi</span> <span class='ocrx_word' id='word_1_205' title='bbox 787 2495 1050 2532; x_wconf 85' lang='lat' dir='ltr'>mensuram,</span> <span class='ocrx_word' id='word_1_206' title='bbox 1087 2489 1161 2521; x_wconf 86' lang='lat' dir='ltr'>aut</span> <span class='ocrx_word' id='word_1_207' title='bbox 1195 2483 1309 2523; x_wconf 73' lang='lat' dir='ltr'>certe</span> <span class='ocrx_word' id='word_1_208' title='bbox 1343 2483 1513 2524; x_wconf 89' lang='lat' dir='ltr'>dubitat</span> <span class='ocrx_word' id='word_1_209' title='bbox 1548 2485 1599 2525; x_wconf 89' lang='lat' dir='ltr'>de</span> 
     </span>
     <span class='ocr_line' id='line_1_30' title="bbox 223 2554 1598 2610; baseline 0.004 -16"><span class='ocrx_word' id='word_1_210' title='bbox 223 2568 417 2605; x_wconf 84' lang='lat' dir='ltr'>excessu,</span> <span class='ocrx_word' id='word_1_211' title='bbox 457 2554 565 2595; x_wconf 85' lang='lat' dir='ltr'>illud</span> <span class='ocrx_word' id='word_1_212' title='bbox 605 2555 659 2595; x_wconf 85' lang='lat' dir='ltr'>ad</span> <span class='ocrx_word' id='word_1_213' title='bbox 703 2554 976 2610; x_wconf 80' lang='lat' dir='ltr'>Superiorem</span> <span class='ocrx_word' id='word_1_214' title='bbox 1025 2556 1230 2597; x_wconf 86' lang='lat' dir='ltr'>remittat.</span> <span class='ocrx_word' id='word_1_215' title='bbox 1294 2557 1402 2598; x_wconf 85' lang='lat' dir='ltr'>Haec</span> <span class='ocrx_word' id='word_1_216' title='bbox 1455 2566 1598 2599; x_wconf 89' lang='lat' dir='ltr'>autem</span> 
     </span>
     <span class='ocr_line' id='line_1_31' title="bbox 223 2628 1599 2685; baseline 0.004 -16"><span class='ocrx_word' id='word_1_217' title='bbox 223 2628 369 2670; x_wconf 88' lang='lat' dir='ltr'>omnia</span> <span class='ocrx_word' id='word_1_218' title='bbox 391 2643 441 2669; x_wconf 93' lang='lat' dir='ltr'>eo</span> <span class='ocrx_word' id='word_1_219' title='bbox 467 2629 604 2680; x_wconf 85' lang='lat' dir='ltr'>fiunt3</span> <span class='ocrx_word' id='word_1_220' title='bbox 646 2637 696 2670; x_wconf 93' lang='lat' dir='ltr'>ut</span> <span class='ocrx_word' id='word_1_221' title='bbox 724 2629 878 2671; x_wconf 84' lang='lat' dir='ltr'>clarius</span> <span class='ocrx_word' id='word_1_222' title='bbox 900 2630 1172 2685; x_wconf 86' lang='lat' dir='ltr'>procedatur,</span> <span class='ocrx_word' id='word_1_223' title='bbox 1195 2639 1237 2671; x_wconf 91' lang='lat' dir='ltr'>et</span> <span class='ocrx_word' id='word_1_224' title='bbox 1258 2631 1302 2672; x_wconf 92' lang='lat' dir='ltr'>in</span> <span class='ocrx_word' id='word_1_225' title='bbox 1325 2632 1479 2673; x_wconf 85' lang='lat' dir='ltr'>animis</span> <span class='ocrx_word' id='word_1_226' title='bbox 1507 2648 1599 2674; x_wconf 88' lang='lat' dir='ltr'>cor-</span> 
     </span>
     <span class='ocr_line' id='line_1_32' title="bbox 222 2702 1599 2762; baseline 0.004 -20"><span class='ocrx_word' id='word_1_227' title='bbox 222 2702 487 2758; x_wconf 89' lang='lat' dir='ltr'>poribusque</span> <span class='ocrx_word' id='word_1_228' title='bbox 529 2703 687 2744; x_wconf 91' lang='lat' dir='ltr'>nostris</span> <span class='ocrx_word' id='word_1_229' title='bbox 730 2704 828 2744; x_wconf 85' lang='lat' dir='ltr'>Deo·</span> <span class='ocrx_word' id='word_1_230' title='bbox 867 2704 1057 2746; x_wconf 90' lang='lat' dir='ltr'>Domino</span> <span class='ocrx_word' id='word_1_231' title='bbox 1101 2713 1248 2746; x_wconf 90' lang='lat' dir='ltr'>nostro</span> <span class='ocrx_word' id='word_1_232' title='bbox 1289 2706 1425 2762; x_wconf 89' lang='lat' dir='ltr'>major</span> <span class='ocrx_word' id='word_1_233' title='bbox 1465 2707 1599 2762; x_wconf 80' lang='lat' dir='ltr'>gloria</span> 
     </span>
     <span class='ocr_line' id='line_1_33' title="bbox 223 2777 453 2819; baseline 0.004 -1"><span class='ocrx_word' id='word_1_234' title='bbox 223 2777 453 2819; x_wconf 86' lang='lat' dir='ltr'>deferatur.</span> 
     </span>
    </p>
   </div>
   <div class='ocr_carea' id='block_1_3' title="bbox 225 2851 1597 2911">
    <p class='ocr_par' dir='ltr' id='par_1_7' title="bbox 225 2851 1597 2911">
     <span class='ocr_line' id='line_1_34' title="bbox 225 2851 1597 2911; baseline 0.002 -19"><span class='ocrx_word' id='word_1_235' title='bbox 225 2851 290 2893; x_wconf 88' lang='lat' dir='ltr'>Sit</span> <span class='ocrx_word' id='word_1_236' title='bbox 332 2852 486 2907; x_wconf 85' lang='lat' dir='ltr'>aliquis</span> <span class='ocrx_word' id='word_1_237' title='bbox 530 2852 660 2904; x_wconf 89' lang='lat' dir='ltr'>domi,</span> <span class='ocrx_word' id='word_1_238' title='bbox 703 2854 776 2908; x_wconf 92' lang='lat' dir='ltr'>qui</span> <span class='ocrx_word' id='word_1_239' title='bbox 817 2854 964 2909; x_wconf 66' lang='lat' dir='ltr'>przcsit</span> <span class='ocrx_word' id='word_1_240' title='bbox 1002 2855 1045 2895; x_wconf 91' lang='lat' dir='ltr'>in</span> <span class='ocrx_word' id='word_1_241' title='bbox 1080 2854 1144 2906; x_wconf 84' lang='lat' dir='ltr'>iis,</span> <span class='ocrx_word' id='word_1_242' title='bbox 1179 2870 1275 2909; x_wconf 82' lang='lat' dir='ltr'>quae</span> <span class='ocrx_word' id='word_1_243' title='bbox 1313 2856 1366 2897; x_wconf 87' lang='lat' dir='ltr'>ad</span> <span class='ocrx_word' id='word_1_244' title='bbox 1409 2856 1597 2911; x_wconf 81' lang='lat' dir='ltr'>corporis</span> 
     </span>
    </p>
   </div>
  </div>
 </body>
</html>
