1987 3374
698 335 818 362 PARs
854 335 1072 365 QUARTA.
1569 328 1621 364 45

158 449 209 484 18
243 444 363 485 Num
400 450 546 485 autem
588 444 670 495 his,
713 445 787 499 qui
827 444 919 500 jam
958 445 1201 486 studiorum
1237 461 1415 486 suorum
1451 462 1625 488 cursum

242 526 517 574 peregerunt,
539 519 772 575 praelegere
794 520 995 575 privatim
1018 520 1085 561 vel
1113 520 1286 576 publice
1315 521 1369 561 ad
1401 536 1538 573 suam,
1560 522 1627 562 vel

243 593 424 635 aliorum
446 594 679 636 utilitatem
709 596 937 637 conveniat
954 613 965 647 3
1008 610 1141 651 penes
1166 596 1441 652 Superiorem
1472 596 1517 637 id
1548 597 1626 637 erit

237 669 469 723 judicium,
492 671 567 725 qui
589 671 706 726 quod
728 671 867 727 magis
889 671 933 712 in
957 672 1150 714 Domino
1173 672 1375 727 expedire
1398 671 1626 723 videbitur,

246 752 422 787 statuet.

392 944 455 970 DE
481 944 682 971 SCHOLIS
708 944 1069 972 COLLEGIORUM
1096 945 1395 972 SOCIETATIS.

190 1101 208 1136 1
247 1096 449 1137 HABITA
472 1096 636 1138 ratione
659 1112 747 1137 non
771 1097 911 1138 solum
933 1097 1154 1152 profectus
1175 1097 1220 1137 in
1248 1096 1404 1137 litteris
1428 1095 1628 1137 Scholas-

245 1170 430 1212 ticorum
467 1179 730 1223 nostrorum,
769 1172 844 1213 sed
881 1172 1009 1213 etiam
1052 1172 1273 1228 profectus
1314 1171 1360 1211 in
1396 1170 1550 1212 litteris
1588 1180 1630 1212 ct

246 1245 440 1287 moribus
472 1254 764 1298 externorum,
803 1262 912 1302 quos
946 1247 991 1288 in
1029 1246 1188 1288 nostris
1216 1245 1419 1301 Collegiis
1456 1245 1631 1287 institu-

247 1321 383 1363 endos
426 1322 712 1378 suscepimus,
756 1323 925 1364 Scholae
968 1323 1168 1378 publicae,
1211 1322 1286 1363 ubi
1328 1321 1553 1362 commode
1587 1321 1631 1361 id

248 1397 340 1438 fieri
361 1398 535 1452 poterit,
558 1398 820 1453 aperiantur,
844 1398 996 1439 saltem
1018 1398 1063 1438 in
1094 1397 1334 1452 disciplinis
1365 1396 1631 1437 humaniori-

248 1471 345 1513 bus.
408 1472 462 1513 In
495 1472 762 1528 gravioribus
786 1480 931 1514 autem
964 1471 1204 1527 disciplinis
1235 1486 1314 1526 pro
1345 1471 1554 1521 locorum,
1586 1471 1629 1511 in

252 1548 411 1604 quibus
456 1549 649 1605 Collegia
695 1549 870 1600 fuerint,
921 1549 1101 1600 ratione,
1155 1563 1338 1604 semper,
1390 1547 1495 1603 quid
1536 1548 1631 1588 Deo

249 1623 414 1679 gratius
438 1623 506 1674 sit,
529 1631 629 1664 ante
652 1623 799 1664 oculos
821 1623 1037 1675 habendo,
1060 1623 1213 1678 aperiri
1235 1628 1455 1678 poterunt.

192 1703 216 1739 2
249 1699 467 1739 Teneatur
502 1698 548 1739 in
582 1698 834 1754 hujusmodi
869 1698 1038 1739 Scholis
1076 1698 1111 1738 is
1146 1698 1317 1748 modus,
1353 1712 1438 1752 quo
1468 1697 1633 1737 externi

251 1773 509 1815 Scholastici
538 1774 583 1814 in
615 1773 682 1825 iis,
705 1788 802 1828 quae
834 1774 888 1814 ad
920 1773 1161 1814 doctrinam
1186 1772 1479 1813 Christianam
1501 1772 1634 1826 perti-

250 1856 371 1900 nent,
403 1848 512 1890 bene
543 1848 855 1900 instituantur3
888 1853 1148 1902 cureturque
1181 1846 1419 1902 quoadejus
1442 1846 1534 1887 fieri
1556 1861 1634 1901 po-

251 1924 366 1976 terit,
397 1932 447 1965 ut
477 1925 655 1978 sinyulis
688 1924 896 1965 mensibus
929 1925 986 1964 ad
1008 1927 1317 1963 sacramentum
1353 1922 1635 1975 Confessionis

252 1999 474 2050 accedant,
497 2007 539 2040 et
560 1998 742 2039 verbum
766 1998 850 2038 Dei
880 1998 1130 2051 frequenter
1162 1996 1354 2047 audiant,
1383 2003 1426 2036 et
1457 1995 1632 2035 demum

252 2089 352 2115 cum
389 2073 543 2114 litteris
580 2087 721 2113 mores
759 2071 887 2112 etiam
924 2070 1183 2112 Christianis
1221 2069 1376 2125 dignos
1418 2069 1633 2110 hauriant.

253 2149 312 2189 Et
344 2147 444 2202 quia
472 2147 516 2188 in
548 2147 678 2188 rebus
710 2145 1042 2202 particularibus
1074 2145 1263 2185 multum
1293 2143 1512 2185 varietatis
1541 2158 1633 2184 csse

254 2223 486 2280 oportebit,
507 2238 586 2278 pro
607 2222 811 2263 varietate
834 2222 1043 2271 locorum,
1076 2228 1118 2261 et
1148 2234 1432 2276 personarum
1465 2218 1635 2273 singula

254 2299 455 2355 persequi
487 2314 575 2340 non
607 2306 672 2339 est
703 2298 834 2353 hujus
865 2297 962 2338 loci.
1026 2296 1079 2337 Id
1108 2304 1253 2337 tamen
1277 2295 1442 2335 dictum
1465 2294 1519 2335 sit
1537 2311 1548 2345 3
1591 2294 1634 2334 in

254 2373 406 2429 quovis
440 2373 633 2429 Collegio
664 2372 849 2428 regulas,
884 2386 981 2426 quae
1019 2371 1072 2411 ad
1107 2370 1253 2411 omnia
1282 2368 1526 2410 necessaria
1562 2369 1634 2409 de-

255 2448 478 2499 scendant,
501 2447 708 2489 constitui
738 2447 907 2488 debere.
972 2446 1071 2486 Hoc
1104 2452 1249 2485 tamen
1282 2443 1635 2485 commendatum

253 2525 336 2565 hoc
378 2523 473 2564 loco
515 2523 730 2574 volumus,
772 2537 826 2563 ne
869 2520 1056 2562 externis
1101 2518 1379 2560 Scholasticis
1417 2518 1636 2568 correctio,

256 2599 401 2654 quoad
428 2598 512 2639 illis
544 2613 654 2653 opus
687 2598 781 2648 erit,
804 2598 937 2644 desit;
981 2610 1077 2651 quae
1110 2603 1253 2635 tamen
1283 2606 1364 2646 per
1387 2593 1566 2645 aliquem
1587 2593 1637 2632 de

252 2677 345 2729 ipsa
370 2675 580 2716 Societate
602 2674 830 2715 were-enda
854 2687 933 2714 non
956 2674 1051 2713 eril.

195 2756 220 2793 3
256 2750 370 2792 Cum
393 2757 482 2791 tam
504 2748 729 2805 proprium
761 2748 817 2790 sit
848 2755 1008 2789 nostrae
1040 2743 1334 2802 professionis,
1356 2744 1512 2784 nullum
1536 2746 1637 2782 tem-
