2004 3294
299 269 354 304 60

328 764 349 798 01

804 278 1236 306 CONSTITUTIONUM

387 396 570 443 oportet,
588 388 837 439 movendos,
855 394 897 429 et
918 396 968 430 ut
990 389 1133 429 omnia
1155 404 1231 429 sua
1254 389 1396 430 studia
1417 390 1470 429 ad
1492 390 1608 430 hunc
1622 391 1754 431 finem

384 463 583 504 referant.
646 463 776 505 Quod
811 471 860 504 ut
894 464 947 503 ad
988 464 1236 504 memoriam
1278 464 1338 505 eis
1378 465 1621 516 reducatur,
1655 473 1753 506 ante

385 536 580 578 lectionis
613 536 783 578 initium
816 537 929 577 dicat
965 537 1117 592 aliquis
1148 538 1317 579 brevem
1353 538 1587 580 orationem
1625 539 1678 580 ad
1710 539 1753 579 id

385 611 645 662 institutam,
673 625 802 665 quam
836 611 1094 665 Praeceptor,
1125 619 1167 652 et
1200 611 1399 666 discipuli
1429 627 1578 654 omnes
1605 618 1752 668 aperto

386 685 525 739 capite
548 684 711 725 attente
733 684 924 725 audient.

387 759 567 812 Propter
588 772 674 808 eos,
697 757 770 812 qui
793 765 881 798 tam
901 757 946 798 in
969 757 1190 812 diligentia
1211 759 1299 800 suis
1322 759 1475 801 studiis
1497 759 1754 812 adhibenda,

385 833 513 887 quam
535 833 579 873 in
601 833 667 884 iis,
689 848 786 888 quae
808 833 862 874 ad
883 832 1020 874 bonos
1041 849 1180 875 mores
1201 834 1434 890 pertinent,
1455 835 1726 890 peccaverint
1743 853 1754 887 3

386 916 435 949 ut
468 923 567 948 cum
604 907 761 962 quibus
798 908 887 949 sola
921 908 1051 949 verba
1079 908 1207 960 bona,
1238 917 1281 950 et
1314 910 1630 952 exhortationes
1666 926 1754 952 non

387 982 622 1033 sufficiunt,
650 983 872 1024 Corrector
895 984 1055 1036 (quide
1078 983 1290 1025 societate
1322 999 1402 1026 non
1432 986 1508 1035 sit)
1542 985 1752 1026 eonstitu-

387 1063 497 1107 atur,
520 1055 594 1110 qui
614 1070 771 1111 pueros
814 1055 858 1096 in
881 1055 1033 1097 timore
1065 1056 1298 1108 contineat,
1330 1065 1373 1098 et
1404 1073 1490 1109 eos,
1521 1058 1679 1112 quibus
1709 1058 1754 1100 id

387 1144 497 1183 opus
519 1129 612 1181 erit,
635 1129 795 1184 quique
817 1129 1110 1185 castigationis
1132 1130 1382 1186 hujusmodi
1413 1140 1539 1173 erunt
1561 1146 1754 1187 capaces,

386 1203 581 1258 castiget.
643 1203 755 1244 Cfim
778 1208 922 1245 autem
951 1219 1030 1245 nec
1061 1204 1203 1256 verba,
1226 1220 1304 1246 nec
1338 1205 1600 1247 Correctoris
1622 1207 1755 1247 offici-

385 1294 459 1319 um
492 1279 594 1319 satis
626 1287 753 1330 esset,
782 1287 824 1320 et
859 1279 903 1319 in
935 1279 1076 1334 aliquo
1108 1280 1350 1321 emendatio
1381 1296 1469 1322 non
1498 1289 1754 1337 speraretur,

384 1351 561 1407 aliisque
598 1367 689 1393 esse
731 1352 990 1393 offendiculo
1031 1353 1271 1405 videretur3
1317 1360 1494 1410 praestat
1534 1356 1558 1396 a
1598 1356 1755 1397 scholis

384 1441 483 1466 eum
519 1413 750 1477 remot'ere,
785 1426 913 1481 quam
950 1426 1024 1467 ubi
1060 1442 1214 1482 parum
1244 1427 1335 1483 ipse
1369 1429 1554 1484 proficit,
1587 1437 1630 1471 et
1663 1430 1755 1471 aliis

386 1504 527 1551 nocet,
560 1499 756 1540 retinere.
821 1500 918 1541 Hoc
950 1508 1095 1541 autem
1126 1501 1339 1557 judicium
1370 1503 1542 1544 Rectori
1572 1504 1755 1546 Univer-

387 1573 541 1625 sitatis,
562 1580 610 1614 ut
633 1573 777 1614 omnia
798 1573 852 1614 ad
883 1574 1061 1629 gloriam
1083 1580 1125 1615 et
1147 1576 1367 1617 servitium
1389 1577 1487 1628 Dei,
1508 1585 1557 1618 ut
1578 1592 1656 1633 par
1677 1584 1755 1629 est,

384 1646 637 1701 procedant,
658 1646 937 1701 relinquetur.

393 1891 455 1917 DE
480 1889 846 1928 OFFICIALIBUS,
868 1891 964 1918 VEL
989 1891 1242 1920 MIN1s¹rR1s
1269 1894 1661 1924 UNIVERSITA'HS.

875 1968 1004 2010 CAP.
1038 1969 1188 2011 XVII.

389 2057 532 2099 CURA
571 2057 838 2109 universalis,
871 2059 939 2099 vel
980 2059 1380 2115 superintendentia
1420 2071 1462 2104 et
1502 2064 1755 2119 gubernatio

390 2130 694 2172 Universitatis
716 2146 849 2186 penes
867 2133 1094 2174 Rectorem
1116 2134 1195 2175 crit
1212 2152 1223 2186 3
1256 2135 1330 2190 qui
1350 2136 1475 2178 idem-
1486 2152 1578 2180 esse
1599 2140 1755 2194 poterit

388 2204 463 2258 qui
493 2204 537 2244 in
565 2204 756 2258 Collegio
788 2205 1006 2260 praecipuo
1038 2207 1263 2249 Societatis
1294 2216 1465 2264 praeest,
1495 2219 1538 2253 et
1568 2212 1619 2254 iis
1647 2228 1755 2268 prae-

391 2278 507 2318 ditus
539 2278 623 2319 Dei
652 2278 791 2329 donis,
814 2279 865 2319 de
898 2279 1054 2333 quibus
1086 2281 1250 2322 dictum
1287 2292 1366 2336 est,
1399 2293 1448 2326 ut
1477 2286 1615 2341 possit
1640 2302 1755 2328 com-

392 2351 524 2392 misso
547 2351 627 2392 sibi
649 2352 787 2392 officio
820 2352 1042 2407 dirigendo
1068 2354 1112 2394 in
1146 2355 1297 2397 litteris
1324 2366 1366 2398 et
1398 2359 1590 2401 moribus
1622 2368 1755 2402 totam

393 2425 726 2466 Universitatcm
755 2427 1010 2468 satisfacere.
1072 2428 1180 2483 Ejus
1212 2430 1362 2471 electio
1394 2433 1448 2473 ad
1471 2434 1755 2490 Praepositum

393 2499 663 2550 Generalem,
684 2499 750 2540 vel
772 2500 917 2551 alium,
939 2501 1009 2541 cui
1040 2501 1108 2542 illc
1140 2503 1183 2543 id
1215 2505 1475 2548 commiserit
1501 2507 1756 2564 (cujusmodi

392 2580 504 2613 esset
538 2572 829 2625 provincialis,
860 2574 927 2615 vel
958 2574 1179 2630 Visitator)
1215 2579 1454 2633 spectabit3
1491 2582 1757 2624 confirmatio

391 2648 491 2689 vero
533 2662 701 2703 semper
751 2648 830 2690 erit
873 2648 1109 2692 Generalis.
1174 2653 1363 2696 Habebit
1415 2665 1559 2698 autem
1601 2657 1758 2699 Rector

394 2729 577 2776 quatuor
611 2723 901 2777 Consiliarios,
938 2725 1004 2766 vel
1038 2726 1326 2781 Assistcntes3
1371 2730 1444 2785 qui
1473 2730 1518 2772 in
1549 2730 1676 2774 rebus
1705 2732 1758 2773 ad
