2004 3294
303 637 353 672 14

300 930 349 965 15

294 1447 344 1482 16

809 293 1239 323 CONSTITUTIONUM

390 409 558 459 mittet,
590 407 757 448 nullum
779 408 981 449 viaticum
1004 418 1147 464 petere
1171 409 1342 459 debent,
1367 407 1440 448 sed
1464 422 1506 447 se
1529 406 1760 447 liberaliter

389 482 553 532 offerre,
574 489 623 522 ut
644 481 886 533 mittantur,
907 491 1036 537 prout
1058 483 1139 523 illis
1163 483 1216 522 ad
1247 481 1451 536 majorem
1474 481 1556 521 Dei
1579 480 1756 534 gloriam

389 558 477 598 fore
499 557 727 597 videbitur.

388 632 451 672 Ut
472 632 516 671 in
548 632 627 671 hac
659 630 786 670 etiam
817 637 937 684 parte
969 631 1096 670 modo
1129 638 1417 670 consentaneo
1440 645 1627 684 syncerae
1649 643 1756 684 pau-

387 705 543 760 pertati
564 704 846 758 procedatur3
878 704 997 744 nulla
1017 704 1061 744 in
1077 704 1291 745 Domibus
1310 704 1534 744 Societatis
1557 703 1755 758 jumenta

386 778 440 818 ad
462 777 744 831 equitandum
767 777 821 816 ad
843 791 969 816 usum
1002 776 1181 831 alicujus
1213 777 1265 817 de
1296 776 1390 831 ipsa
1413 776 1624 816 Societate
1651 775 1754 828 (sive

388 850 665 905 PraeposituS,
690 850 776 890 sive
799 849 999 890 subditus
1021 850 1090 890 ille
1114 850 1182 902 sit)
1209 850 1419 890 ordinarie
1442 849 1694 890 habeantur.

386 925 438 965 In
461 924 641 964 vestitus
662 924 811 964 itidem
833 924 996 964 ratione
1020 924 1101 964 tria
1123 924 1430 973 observentur3
1464 923 1672 972 Primum,
1704 931 1751 963 ut

384 1001 592 1040 honestus
626 999 695 1039 ille
731 999 812 1049 sit,
859 999 1072 1049 Alterum,
1109 1007 1157 1039 ut
1199 999 1253 1039 ad
1289 1014 1416 1039 usum
1453 998 1548 1048 loci,
1585 998 1628 1038 in
1665 1012 1750 1052 quo

381 1073 539 1114 vivitur
567 1072 943 1122 accommodatus3
975 1072 1183 1122 Tertium,
1205 1082 1253 1112 ut
1284 1072 1537 1127 professioni
1567 1086 1750 1126 pauper-

381 1148 481 1188 tatis
523 1162 609 1187 non
651 1154 877 1201 repugnet.
953 1145 1182 1186 Videretur
1229 1154 1371 1186 autem
1419 1159 1672 1199 repugnare,
1715 1145 1749 1184 si

379 1221 537 1270 sericis,
559 1220 625 1260 vel
647 1219 849 1274 preciosis
873 1225 1092 1273 utcunque
1115 1219 1270 1273 pannis
1292 1227 1524 1268 uteremur,
1546 1232 1570 1257 a
1591 1217 1748 1272 quibus

379 1294 685 1334 abstinendum
709 1300 801 1339 est;
833 1300 882 1332 ut
904 1293 945 1331 in
970 1292 1170 1332 omnibus
1202 1291 1458 1332 humilitatis
1490 1299 1530 1331 et
1563 1290 1748 1331 submis-

379 1367 510 1408 sionis
534 1366 678 1406 debita
700 1366 753 1405 acl
774 1365 979 1420 majorem
1002 1365 1084 1405 Dei
1108 1365 1285 1420 gloriam
1308 1365 1415 1405 ratio
1436 1364 1658 1404 habeatur.

378 1442 430 1482 In
454 1442 519 1491 iis,
537 1456 634 1495 quae
657 1441 709 1480 ad
731 1440 938 1480 rationem
954 1439 1107 1490 victus,
1123 1439 1277 1488 somni,
1295 1454 1342 1480 ac
1358 1454 1463 1480 usus
1484 1439 1744 1493 reliquarum

373 1531 517 1557 rerum
548 1516 647 1556 vitae
680 1515 1031 1564 necessariarum,
1053 1515 1120 1555 vel
1152 1514 1499 1555 convenientium
1532 1521 1743 1569 spectant,

374 1589 554 1645 quanvis
589 1588 830 1629 eommunis
872 1588 944 1627 illa
985 1588 1054 1638 sit,
1095 1588 1357 1642 minimeque
1391 1587 1556 1628 diversa
1591 1587 1644 1627 ab
1678 1602 1742 1638 eo,

373 1663 489 1718 quod
510 1662 702 1702 medicus
724 1661 838 1701 illius
859 1661 956 1711 loci,
978 1661 1022 1700 in
1046 1675 1131 1714 quo
1152 1661 1323 1711 vivitur,
1351 1660 1575 1716 judicabit,
1597 1660 1670 1711 ita,
1692 1668 1741 1701 ut

371 1737 488 1791 quod
509 1735 690 1790 quisque
714 1734 793 1774 sibi
818 1734 918 1774 inde
941 1734 1212 1785 subtraxerit,
1235 1749 1285 1774 ex
1317 1734 1557 1784 devotione,
1579 1748 1665 1774 non
1688 1748 1740 1774 ex

369 1809 644 1864 obligatione,
668 1808 917 1857 subtrahat3
950 1807 1148 1847 habenda
1170 1816 1312 1848 tamen
1337 1822 1504 1862 semper
1531 1807 1609 1847 erit
1630 1807 1738 1847 ratio

366 1882 637 1932 humilitatis,
660 1881 940 1936 paupertatis,
963 1895 1011 1921 ac
1043 1881 1276 1935 spiritualis
1308 1881 1618 1931 aedificationis,
1640 1896 1736 1935 quw

368 1971 536 2011 semper
558 1954 681 1999 nobis
703 1954 747 1994 in
770 1953 959 1994 Domino
982 1954 1036 1993 ob
1059 1954 1205 1994 oeulos
1227 1954 1384 1994 versari
1406 1954 1546 1994 debet.

374 2166 435 2192 DE
463 2166 523 2192 IIS
550 2165 797 2201 REBUS,1N
824 2164 1004 2194 QUIBUS
1030 2164 1293 2202 OCCUPARI,
1318 2166 1376 2192 ET
1400 2166 1430 2192 A
1455 2165 1637 2195 QUIBUS

640 2238 918 2264 ABSTINERE
944 2238 1103 2264 DEBET
1127 2238 1371 2266 SOCIETAS.

885 2306 1013 2347 CAP.
1047 2307 1088 2347 11
1101 2308 1134 2348 Ι.

364 2391 606 2432 QUONIAM
650 2389 796 2429 habita
843 2389 1005 2430 ratione
1058 2391 1276 2445 temporis,
1318 2407 1365 2432 ac
1407 2393 1730 2448 approbationis

360 2465 473 2513 vitae,
496 2478 591 2517 quae
624 2470 888 2517 expectatur,
919 2471 968 2503 ut
999 2463 1129 2518 aliqui
1161 2465 1213 2505 ad
1245 2466 1569 2520 professionem,
1590 2467 1656 2508 vel
1683 2467 1727 2508 in

362 2537 644 2592 Coadjutores
666 2537 870 2577 formatos
892 2537 935 2577 in
960 2537 1170 2578 Societate
1203 2539 1499 2591 admittantur,
1521 2549 1726 2595 tanquam

360 2620 523 2653 certum
547 2611 732 2661 ducitur,
750 2626 821 2652 eos
843 2611 954 2651 viros
973 2611 1213 2665 spirituales
1231 2614 1398 2654 futuros
1414 2631 1424 2664 3
1457 2623 1498 2655 et
1515 2615 1587 2668 qui
1605 2615 1664 2655 sic
1682 2615 1724 2655 in

359 2687 427 2726 via
450 2685 611 2725 Christi
635 2684 812 2725 Domini
835 2685 969 2725 nostri
993 2686 1262 2739 profecerint,
1277 2696 1323 2728 ut
1346 2703 1423 2743 per
1443 2703 1535 2728 eam
1558 2703 1724 2730 currere

358 2758 543 2819 possint,
566 2766 775 2811 quantum
800 2758 989 2813 corporis
1011 2759 1219 2801 habitudo
1251 2769 1293 2801 et
1324 2770 1509 2802 externae
1541 2776 1724 2817 occupa—
