2004 3294
333 285 411 321 118

364 2716 389 2752 6

833 293 1267 323 CONSTITUTIONUM

417 417 503 455 cas,
554 411 597 444 et
638 403 934 445 concessiones
986 418 1150 455 omnes,
1202 418 1299 458 quae
1351 404 1405 444 ad
1452 403 1786 455 institutionem,

412 477 653 529 facultates,
668 478 736 519 vel
756 477 979 533 privilegia
1001 477 1225 519 Societatis
1247 477 1480 533 pertinent,
1502 486 1544 518 et
1566 478 1784 532 quoddam

414 567 562 594 eorum
584 552 889 607 compendium
912 552 1028 606 apud
1050 567 1092 592 se
1115 552 1328 603 habuerit,
1360 552 1603 607 catalogum
1633 552 1784 593 itidem

412 641 549 667 unum
591 626 784 667 omnium
827 626 1084 676 Domorum,
1125 633 1168 665 et
1220 624 1511 679 Collegiorum
1554 626 1780 667 Societatis

418 716 517 741 cum
551 699 640 740 suis
673 698 928 750 redditibus,
965 707 1008 740 et
1040 699 1223 739 alterum
1258 713 1540 753 personarum
1575 700 1785 751 omnium,

415 789 512 828 quae
533 774 578 814 in
601 773 751 828 quavis
775 773 1000 814 Provincia
1026 780 1264 824 versantur,
1286 788 1374 814 non
1406 773 1546 814 solum
1569 773 1787 815 Professo-

413 862 510 888 rum
547 853 590 889 et
622 847 949 902 coadjutorum,
978 847 1052 901 qui
1087 847 1274 899 formati,
1308 861 1356 888 ac
1394 847 1678 899 Scholarium,
1712 848 1787 902 qui

416 922 643 978 approbati
665 922 882 972 dicuntur,
905 922 981 963 sed
1002 921 1130 962 etiam
1151 922 1337 974 illorum,
1359 922 1434 976 qui
1455 922 1500 962 in
1521 922 1787 977 probationi-

414 996 497 1037 bus
519 1004 785 1047 exercentur,
806 996 881 1036 ubi
903 1011 1051 1036 eorum
1082 996 1258 1037 nomina
1288 1003 1331 1037 et
1362 996 1484 1037 dotes
1515 996 1786 1038 scribantur:

414 1075 457 1112 et
487 1071 604 1111 hunc
636 1070 878 1125 catalogum
909 1071 1203 1112 renovandum
1235 1070 1416 1126 singulis
1448 1071 1586 1122 annis,
1618 1070 1654 1112 si
1684 1085 1786 1112 con-

415 1145 558 1186 venire
579 1145 809 1196 videbitur,
832 1145 1011 1186 curabit.
1073 1145 1133 1186 Et
1164 1145 1339 1186 demum
1370 1145 1529 1196 omnia,
1551 1145 1787 1200 quoadejus

414 1219 507 1261 fieri
547 1219 721 1274 poterit,
761 1227 987 1274 perspecta
1027 1219 1198 1271 habeat,
1239 1227 1288 1259 ut
1328 1219 1374 1259 in
1416 1218 1617 1259 omnibus
1657 1218 1786 1260 rebus

415 1293 568 1334 melius
599 1293 752 1349 possit,
781 1308 878 1347 quae
904 1294 958 1334 ad
989 1293 1169 1348 gloriam
1201 1292 1390 1334 divinam
1421 1293 1656 1348 pertinent,
1686 1308 1786 1349 pro-

415 1368 574 1410 videre.

417 1443 548 1486 Quod
569 1442 614 1483 in
635 1442 885 1483 universum
905 1442 952 1482 in
975 1441 1158 1497 septima
1183 1449 1306 1497 parte
1336 1441 1508 1494 dicitur,
1529 1457 1617 1495 eos,
1638 1442 1714 1497 qui
1734 1443 1787 1485 de

416 1517 629 1559 Societate
671 1521 788 1568 sunt,
830 1516 1015 1572 negotiis
1057 1516 1334 1568 secularibus,
1374 1516 1475 1558 licet
1515 1517 1589 1572 pia
1628 1516 1788 1572 alioqui

414 1603 573 1648 essent,
601 1594 811 1650 implicari
835 1609 923 1636 non
956 1593 1137 1645 debere3
1174 1594 1220 1635 id
1243 1594 1444 1635 Generali
1473 1594 1626 1650 magis,
1656 1609 1786 1648 quam

414 1669 589 1724 reliquis
631 1669 847 1719 omnibus,
889 1668 1118 1720 convenit3
1161 1683 1215 1709 ne
1248 1668 1294 1709 in
1330 1668 1406 1719 eis,
1435 1668 1504 1709 vel
1536 1668 1628 1709 aliis
1656 1668 1786 1709 etiam

415 1743 544 1784 rebus
566 1743 648 1798 piis
671 1742 859 1797 quidem,
882 1742 957 1783 sed
979 1742 1033 1782 ad
1055 1742 1314 1783 Societatem
1335 1756 1423 1783 non
1453 1742 1786 1797 pertinentibus,

414 1817 475 1858 ita
508 1816 707 1871 occupari
744 1831 787 1857 se
822 1816 948 1867 sinat,
981 1822 1030 1856 ut
1071 1823 1245 1870 tempus
1279 1829 1326 1857 ac
1362 1815 1472 1857 vires
1503 1816 1558 1856 ad
1591 1830 1653 1867 ea,
1690 1830 1786 1870 quae

415 1891 636 1947 pertinent
667 1891 721 1930 ad
751 1890 887 1945 ipsius
918 1890 1107 1931 officium
1133 1890 1265 1944 (quod
1286 1889 1461 1944 quidem
1481 1889 1635 1945 magis,
1656 1904 1786 1945 quam

417 1973 560 2008 totum
581 1965 801 2006 hominem
822 1964 1015 2019 requirit)
1042 1979 1141 2005 eum
1163 1963 1416 2005 destituant.

418 2041 504 2082 Sed
535 2054 614 2082 nec
646 2039 692 2080 in
727 2039 978 2080 executione
1011 2038 1348 2080 ministeriorum
1378 2038 1702 2094 particularium
1733 2039 1788 2080 ad

419 2116 677 2158 Societatem
706 2115 1032 2171 pertinentium,
1069 2129 1166 2169 quae
1198 2129 1276 2170 per
1311 2114 1415 2156 alios
1451 2114 1561 2156 effici
1587 2122 1787 2170 possunt,

417 2205 679 2246 magnopere
701 2189 902 2245 occupari
924 2189 1122 2240 deberet3
1155 2189 1397 2244 cujusmodi
1428 2176 1541 2231 es'set
1561 2189 1788 2245 peculiaris

417 2264 598 2320 alicujus
620 2265 774 2306 domus
797 2279 912 2314 cura,
935 2263 1052 2318 quod
1083 2264 1138 2305 ad
1168 2263 1527 2305 sustentationem
1556 2263 1789 2319 temporal-

420 2354 502 2390 em,
545 2347 587 2379 et
628 2338 984 2393 gubernationem
1025 2337 1117 2392 ejus
1159 2337 1340 2378 attinet:
1392 2337 1497 2392 quin
1537 2337 1698 2393 potius,
1738 2344 1788 2378 ut

419 2412 616 2468 superius
639 2412 811 2463 dicitur,
834 2427 934 2453 suos
956 2412 1108 2466 quovis
1129 2411 1174 2452 in
1204 2411 1314 2463 loco,
1336 2411 1464 2453 etiam
1495 2411 1572 2452 ubi
1601 2411 1693 2466 ipse
1722 2425 1788 2452 re-

423 2487 595 2538 sidebit,
626 2487 827 2529 officiales
858 2486 1013 2528 habeat
1030 2503 1041 2535 3
1083 2486 1128 2527 in
1160 2500 1267 2540 quos
1299 2486 1335 2527 si
1366 2494 1502 2527 totam
1532 2500 1679 2528 curam
1699 2499 1787 2526 non

418 2563 625 2618 rejecerit,
667 2563 914 2604 sublevetur
954 2570 1067 2603 certe
1110 2561 1163 2603 ab
1205 2561 1280 2612 eis,
1315 2569 1357 2602 et
1392 2561 1643 2617 hujusmodi
1673 2574 1786 2602 curae

423 2637 704 2691 occupatione
725 2636 943 2677 liberetur.

423 2710 494 2752 Sic
523 2711 650 2751 ctiam
683 2711 728 2751 in
765 2710 913 2766 quavis
948 2710 1172 2752 Provincia
1207 2725 1279 2752 eos
1306 2709 1463 2751 habeat
1500 2707 1787 2750 Provinciales

418 2793 506 2826 tam
527 2785 718 2840 probatae
740 2785 840 2826 fidei
861 2794 1034 2840 tamque
1056 2784 1247 2837 idoneos,
1269 2790 1317 2826 ut
1339 2785 1413 2839 qui
1443 2782 1646 2838 intelligit
1666 2796 1788 2837 mag-
