2004 3294
310 286 365 323 90

315 411 365 447 12

818 298 1249 328 CONSTITUTIONUM

398 408 466 449 De
488 408 553 460 iis,
576 424 671 463 quae
694 410 747 450 ad
770 413 908 452 officia
929 414 1163 456 domestica
1186 424 1227 456 ct
1258 432 1325 457 res
1356 418 1458 459 alias
1489 419 1768 474 particulares

396 485 630 538 pertinent,
672 486 716 526 in
757 487 916 541 regulis
954 489 1179 531 domorum
1217 492 1383 534 dicetur
1403 511 1414 545 3
1466 509 1544 535 nec
1586 495 1766 537 ulterius

397 558 509 600 circa
538 559 778 611 missiones,
800 562 867 602 vel
899 563 1150 604 divisionem
1183 580 1344 618 eorum,
1373 568 1446 622 qui
1478 569 1530 610 de
1554 570 1765 612 Societate

396 642 512 684 sunt,
534 649 610 689 per
631 635 798 675 vineam
823 636 1001 677 Domini
1030 639 1165 679 nostri
1195 640 1223 681 J
1228 641 1345 681 ESU
1374 642 1536 684 Christi
1564 645 1764 699 progredi

396 723 568 749 necesse
591 708 684 750 erit.

648 1223 1057 1282 OCTAVA
1122 1225 1419 1295 PARS3

347 1374 396 1414 de
417 1375 483 1425 iis,
506 1388 593 1427 quse
615 1375 835 1427 conferunt
857 1376 914 1415 ad
933 1389 1086 1426 eorum,
1109 1376 1179 1428 qui
1201 1377 1379 1428 dispersi
1399 1380 1510 1426 sunt,
1532 1389 1622 1416 cum
1642 1388 1717 1415 suo

331 1902 349 1937 1

611 1450 762 1502 capite,
785 1453 826 1490 et
846 1450 958 1490 inter
977 1463 1021 1490 se
1041 1454 1227 1490 mutuam
1248 1451 1452 1490 unionem.

441 1729 502 1754 DE
529 1728 608 1765 IIS,
633 1728 740 1758 QUAE
765 1729 960 1755 JUVANT
984 1729 1049 1755 AD
1075 1729 1305 1756 UNIONEM
1332 1729 1621 1756 ANIMORUM.

517 1896 604 1937 UO
638 1896 852 1936 difficilius
890 1904 969 1947 est,
1010 1896 1205 1936 membra
1234 1896 1365 1950 hujus
1399 1895 1757 1950 Congregationis

516 1986 614 2011 cum
638 1987 715 2012 suo
738 1971 877 2026 capite
900 1976 942 2011 et
962 1970 1074 2011 inter
1096 1986 1139 2012 se
1161 1971 1344 2012 invicem
1372 1969 1499 2021 uniri,
1521 1971 1640 2025 quod
1668 1972 1756 2012 tem

517 2045 712 2100 sejuncta
731 2046 777 2086 in
800 2045 976 2086 diversis
999 2046 1151 2086 mundi
1172 2045 1367 2100 partibus
1388 2044 1501 2085 inter
1530 2044 1692 2096 fideles,
1714 2054 1757 2086 et

385 2121 580 2161 infideles
611 2121 722 2171 sint3
765 2135 813 2161 eo
847 2120 1100 2175 impensius,
1132 2135 1228 2175 quae
1264 2119 1421 2175 juvant
1451 2120 1503 2181 ed
1536 2120 1755 2171 unionem,

386 2195 617 2249 quaerenda
639 2202 764 2235 sunt:
798 2194 1148 2248 quandoquidem
1170 2209 1248 2234 nec
1281 2193 1520 2235 conservari
1551 2208 1629 2234 nec
1650 2194 1755 2249 regi,

385 2285 464 2311 nec
491 2270 623 2324 (quod
644 2269 744 2309 inde
768 2269 975 2323 sequitur)
1002 2269 1147 2320 finem,
1170 2269 1223 2310 ad
1245 2284 1374 2323 quem
1402 2268 1542 2309 tendit
1564 2268 1754 2310 Societas

385 2345 439 2385 ad
460 2343 664 2399 majorem
688 2343 771 2384 Dei
792 2343 985 2398 gloriam,
1007 2343 1212 2398 consequi
1234 2351 1377 2398 potest
1394 2360 1405 2394 3
1448 2342 1483 2383 si
1513 2342 1624 2384 inter
1645 2357 1688 2384 se
1711 2352 1754 2384 et

385 2435 484 2460 cum
507 2419 645 2474 capite
669 2434 746 2459 suo
768 2418 960 2459 membra
982 2418 1073 2473 ejus
1095 2418 1216 2458 unita
1238 2433 1326 2459 non
1339 2418 1512 2459 fuerint.
1572 2418 1755 2459 Dicetur

384 2510 484 2549 ergo
507 2495 558 2534 de
580 2494 647 2544 iis,
670 2509 766 2548 quae
788 2493 1015 2534 conferunt
1047 2493 1101 2533 ad
1132 2492 1373 2533 animorum
1405 2492 1638 2544 unionem3
1680 2493 1753 2533 de-

382 2568 482 2608 inde
504 2568 555 2608 de
577 2567 642 2618 iis,
665 2581 761 2621 quac
784 2567 838 2607 ad
859 2566 1063 2607 unionem
1085 2566 1354 2621 personalem
1376 2566 1421 2606 in
1444 2565 1752 2622 Congregatio-

385 2642 514 2682 nibus
542 2641 608 2681 vel
640 2641 923 2682 conventibus
955 2641 1046 2681 fieri
1079 2641 1247 2682 solitam
1279 2641 1510 2696 pertinent.
1571 2640 1630 2680 Et
1661 2639 1753 2694 qni-

386 2717 483 2757 dem
515 2716 625 2757 circa
660 2717 900 2758 animorum
936 2715 1154 2766 unionem>
1186 2716 1382 2770 quaedam
1415 2730 1466 2756 ex
1497 2719 1616 2769 parte
1652 2714 1753 2755 sub-
