1987 3374
729 321 851 348 PARS
886 320 1037 348 NONA.
1530 310 1607 346 111

237 433 448 477 moderari
469 446 556 484 eOS,
578 431 653 487 qui
674 431 968 482 convenerint,
990 445 1038 471 ac
1070 444 1147 470 suo
1179 437 1387 485 tempore,
1408 430 1460 470 iis
1489 429 1613 471 abso—

236 509 354 560 lutis,
375 522 472 563 quae
493 507 718 548 tractanda
739 512 875 558 erant,
897 505 1126 547 dimittere.

157 589 208 626 13
244 583 346 625 Sine
369 583 461 639 ejus
482 582 686 623 facultate
715 589 757 623 et
788 580 1098 637 approbatione
1128 579 1274 621 nullus
1305 578 1444 634 possit
1475 578 1615 633 digni-

239 664 374 699 tatem
396 657 528 698 ullam
560 664 680 697 extra
713 655 972 697 Societatem
1004 654 1258 705 admittere3
1290 668 1369 694 nec
1391 653 1460 694 ille
1482 652 1616 693 facul-

241 741 375 774 tatem
416 730 668 786 hujusmodi
709 730 843 781 dabit,
885 744 964 770 nec
1015 729 1061 770 id
1111 727 1383 784 approbabit,
1425 727 1461 768 si
1503 726 1615 768 sedis

240 805 504 862 Apostolicae
527 804 772 846 obedientia
791 804 936 858 ipsum
958 818 1046 844 non
1069 802 1357 858 compelleret.

157 885 208 922 14
243 879 494 921 Constituat
525 878 655 929 idem,
692 885 741 918 ut
775 877 940 917 dictum
974 884 1053 927 est,
1092 891 1169 917 suo
1207 876 1381 917 arbitrio
1411 877 1616 917 Rectores

243 951 534 1007 Collegiorum
574 960 617 992 et
660 950 1020 1001 Universitatum,
1063 964 1110 990 ac
1155 949 1417 1004 Praepositos
1457 949 1614 990 locales

243 1027 484 1076 domorum,
522 1039 630 1079 quos
669 1024 855 1080 aptiores
891 1024 980 1064 fore
1019 1023 1292 1078 judicaverit,
1331 1023 1618 1064 provinciales

242 1099 393 1141 itidem
416 1098 678 1154 Praepositos
700 1098 755 1139 ad
776 1097 1011 1139 triennium
1042 1104 1092 1138 ut
1122 1096 1387 1152 plurimum3
1429 1098 1620 1150 (quanvis

243 1179 285 1217 et
305 1175 512 1225 contrahi,
535 1178 576 1215 et
597 1174 829 1227 proroyari
852 1175 979 1214 etiam
1010 1173 1057 1213 id
1079 1173 1261 1225 spatium
1293 1172 1492 1225 temporis
1519 1186 1621 1224 pos-

245 1250 317 1300 sit,
339 1249 503 1302 quando
526 1248 584 1288 ad
608 1248 807 1301 majorem
828 1248 910 1288 Dei
939 1260 988 1288 ac
1009 1247 1180 1287 Domini
1208 1247 1342 1287 nostri
1369 1247 1551 1299 9Io7·iam
1578 1246 1625 1286 id

233 1324 340 1376 fore
379 1323 624 1373 videbitur).
688 1321 860 1364 Quibus
903 1321 1031 1362 etiam
1073 1335 1167 1361 eam
1208 1328 1468 1376 potestatem
1506 1335 1622 1361 com-

246 1396 503 1448 municabit,
526 1409 653 1451 quam
678 1395 862 1446 duxerit,
885 1394 1304 1436 communicandam.

164 1475 213 1512 15
250 1469 415 1512 Poterit
446 1469 575 1510 etiam
606 1483 820 1520 revocare,
851 1468 1123 1523 restringere,
1155 1473 1198 1509 et
1229 1467 1358 1509 etiam
1389 1481 1559 1522 augere,
1581 1475 1624 1507 et

249 1544 635 1587 administrationis
665 1544 874 1585 rationem
908 1543 960 1584 ab
983 1544 1043 1585 eis
1066 1543 1248 1598 exigere.
1311 1543 1442 1586 Quod
1463 1542 1498 1583 si
1522 1542 1625 1583 Pro-

246 1619 420 1661 vinciali
459 1619 709 1660 facultatem
751 1618 1044 1659 constituendi
1079 1618 1339 1673 Praepositos
1379 1618 1549 1668 locales,
1584 1624 1625 1656 et

250 1696 456 1736 Rectores
479 1693 860 1734 communicaverit
876 1710 888 1744 3
925 1693 1118 1749 ejusdem
1152 1693 1376 1734 Generalis
1408 1693 1502 1743 erit,
1535 1706 1627 1733 eos-

251 1768 351 1810 dem
374 1768 643 1819 confirmare,
663 1767 731 1808 vel
751 1781 983 1808 removere.

167 1847 221 1885 16
254 1843 379 1884 Idem
400 1841 602 1883 officiales
622 1841 810 1896 reliquos
833 1842 888 1882 ad
908 1840 1267 1896 gubernationem
1281 1840 1557 1891 necessarios,
1579 1848 1628 1880 ut

253 1918 582 1959 Procuratorem
614 1916 871 1970 generalem,
894 1920 937 1956 et
960 1914 1246 1957 Secretarium
1270 1914 1495 1955 Societatis
1527 1928 1627 1954 con-

255 1992 421 2042 stituet,
449 2005 543 2031 eam
579 1989 664 2030 illis
699 1990 963 2040 facultatem,
1001 2003 1130 2043 quam
1166 2003 1244 2043 pro
1276 1988 1549 2042 negotiorum
1581 2002 1628 2027 ac

252 2079 535 2121 personarum
586 2063 750 2104 ratione
793 2063 1020 2104 convenire
1071 2062 1115 2103 in
1168 2062 1358 2103 Domino
1401 2062 1630 2117 judicabit,

255 2137 631 2180 communicando.

170 2217 223 2265 17
257 2214 382 2255 Idem
402 2212 562 2269 poterit
590 2224 679 2252 non
711 2217 934 2266 expectata
964 2211 1152 2266 generali
1184 2210 1516 2266 congregatione
1540 2211 1632 2251 Do-

256 2303 366 2339 mos,
399 2285 605 2341 Collegia,
637 2285 954 2327 Universitates
989 2285 1192 2326 Societati
1227 2285 1391 2326 oblatas
1425 2284 1631 2339 accipere,

258 2370 301 2403 et
328 2362 374 2402 in
403 2360 673 2401 Fundatores
699 2374 798 2400 cum
829 2359 1063 2414 privilegiis
1094 2359 1139 2399 in
1177 2364 1328 2413 quarta
1355 2367 1476 2414 parte
1506 2358 1632 2398 dictis

256 2450 347 2486 eos,
369 2449 478 2489 quos
502 2434 548 2474 in
574 2433 765 2475 Domino
792 2433 1082 2474 admittendos
1112 2433 1296 2484 duxerit,
1325 2432 1565 2482 admittere,
1591 2439 1634 2472 et

258 2510 479 2560 Lectores,
521 2507 788 2558 Sacerdotes,
830 2515 873 2548 et
921 2507 1015 2557 alia,
1068 2521 1164 2561 quae
1216 2506 1493 2556 occurrerint,
1535 2520 1635 2560 pro-

259 2583 417 2625 videre.
478 2582 575 2623 Erit
610 2590 755 2622 tamen
798 2581 836 2622 ei
872 2581 1126 2631 curandum,
1162 2588 1211 2621 ut
1253 2595 1352 2621 cum
1385 2579 1635 2635 hujusmodi

261 2655 582 2698 conditionibus
604 2655 819 2706 admittat,
841 2670 893 2695 ex
915 2654 1073 2709 quibus
1092 2653 1282 2695 Societas
1305 2654 1634 2694 commoditatem

261 2731 317 2772 ad
346 2729 619 2786 propositum
642 2729 723 2770 sibi
754 2728 887 2770 divini
918 2728 1114 2783 obsequii
1145 2728 1292 2779 finem,
1324 2733 1365 2769 et
1390 2742 1471 2769 non
1503 2728 1633 2768 detri-

264 2809 447 2846 mentum
469 2803 640 2844 sentiat.
703 2803 789 2844 Sed
820 2803 855 2844 si
887 2802 1180 2858 experimento
1213 2810 1482 2856 compertum
1511 2809 1637 2851 esset,
