1987 3374
758 328 878 355 PARS
913 326 1064 356 NONA.
1558 321 1634 358 105

262 438 346 480 Dei
379 438 559 494 gloriam
595 438 698 480 satis
731 439 817 480 fere
854 453 1026 495 semper
1062 448 1286 494 occupata,
1323 440 1638 483 universalibus

261 512 328 554 his
351 513 635 554 conventibus
657 512 801 554 minus
822 513 981 555 laboris
1003 521 1046 554 et
1068 513 1358 555 distractionis
1380 514 1582 570 patiatur.

305 707 486 737 QUALIS
512 709 622 735 ESSE
648 710 845 736 DEBEAT
871 709 1180 736 PRAEPOSITUS
1206 708 1503 736 GENERALIS.

260 873 417 914 INTER
451 874 573 915 dotes
607 875 758 926 varias,
795 875 953 929 quibus
987 875 1128 916 ornari
1166 874 1455 929 Praepositum
1494 874 1638 915 Gene-

258 947 405 998 ralem,
437 949 679 1003 optandum
711 955 789 1000 est,
821 949 1016 990 omnium
1047 948 1188 1004 prima
1217 950 1311 990 haec
1341 949 1446 997 erit;
1476 953 1525 990 ut
1547 964 1638 990 cum

256 1022 347 1063 Deo
380 1036 429 1063 ac
448 1023 627 1063 Domino
659 1027 802 1064 nostro
835 1024 959 1077 quam
988 1024 1167 1064 maoez'me
1199 1024 1456 1076 conjunctus,
1488 1028 1529 1063 et
1557 1024 1639 1076 fa-

256 1097 437 1137 miliaris
459 1101 546 1137 tam
566 1098 610 1138 in
632 1099 835 1148 oratione,
858 1098 981 1151 qzccim
1002 1098 1046 1138 in
1068 1098 1254 1138 omnibus
1284 1098 1372 1138 suis
1404 1098 1637 1139 actionibus

256 1172 316 1212 sit
332 1189 344 1219 ;
377 1180 426 1212 ut
449 1187 498 1213 eo
520 1172 695 1213 uberius
718 1172 771 1213 ab
792 1172 903 1227 ipso,
925 1180 974 1213 ut
995 1172 1100 1213 boni
1122 1171 1257 1213 totius
1278 1172 1413 1222 fonte,
1435 1171 1637 1213 universo

257 1246 426 1301 corpori
460 1246 686 1288 Societatis
720 1247 1016 1288 abundantem
1050 1247 1279 1297 donorum,
1313 1262 1362 1287 ac
1399 1247 1635 1302 gratiarum

257 1319 349 1375 ejus
390 1321 780 1376 participationem,
823 1336 871 1362 ac
913 1321 1101 1362 multum
1143 1321 1313 1372 valoris,
1355 1330 1397 1362 et
1437 1322 1635 1362 efficaciae

257 1394 458 1435 omnibus
486 1394 568 1435 illis
600 1395 854 1446 rationibus,
876 1394 1034 1450 quibus
1068 1395 1123 1435 ad
1154 1394 1394 1436 animarum
1427 1395 1634 1436 auxilium

254 1472 415 1519 utetur,
436 1468 653 1524 impetret.

257 1541 471 1594 Secunda,
499 1551 548 1583 ut
579 1543 643 1584 vir
672 1544 740 1595 sit,
773 1543 896 1599 cujus
927 1544 971 1584 in
1004 1544 1123 1585 omni
1151 1544 1361 1584 virtutum
1383 1558 1538 1599 genere
1561 1558 1634 1584 ex-

255 1616 448 1672 emplum
469 1617 658 1671 reliquos
681 1618 733 1658 de
757 1618 970 1659 Societate
996 1618 1145 1673 juvet3
1188 1633 1235 1658 ac
1267 1618 1486 1673 praecipue
1517 1618 1562 1658 in
1584 1632 1634 1659 eo

254 1691 459 1747 splendor
491 1692 713 1733 charitatis
745 1707 846 1747 erga
877 1708 1026 1733 omnes
1061 1693 1295 1748 proximos,
1332 1701 1374 1733 et
1403 1693 1448 1733 in
1481 1693 1633 1748 primis

253 1780 355 1821 erga
376 1765 650 1818 Societatem,
673 1781 721 1807 ac
749 1782 858 1808 verae
890 1767 1160 1818 humilitatis,
1183 1782 1279 1821 quae
1303 1767 1399 1807 Deo
1431 1772 1473 1808 et
1494 1767 1633 1808 homi-

252 1839 381 1881 nibus
403 1840 630 1881 amabilem
652 1855 752 1881 eum
774 1841 971 1892 reddant,
995 1841 1049 1882 sit
1072 1840 1348 1896 conspicuus.

253 1914 386 1957 Liber
418 1916 548 1956 etiam
585 1916 638 1957 ab
673 1916 875 1956 omnibus
917 1915 1173 1957 inordinatis
1207 1915 1522 1967 affectionibus,
1556 1931 1634 1971 per

253 1989 436 2044 gratiam
472 1989 557 2030 Dei
590 1989 789 2030 edomitis
832 1997 873 2029 et
914 1989 1198 2040 mortificatis,
1237 1989 1292 2030 sit
1334 1998 1532 2044 oportet,
1577 2004 1630 2030 ne

250 2062 433 2103 interius
477 2062 694 2118 judicium
735 2062 913 2103 rationis
954 2062 1225 2117 perturbent,
1268 2071 1309 2103 et
1351 2072 1400 2103 ut
1442 2062 1630 2103 exterius

252 2143 342 2176 tam
371 2136 426 2177 sit
455 2137 735 2192 compositus,
765 2144 807 2177 et
840 2137 885 2176 in
916 2136 1133 2191 loquendo
1160 2136 1401 2191 praesertim
1433 2144 1522 2177 tam
1549 2136 1629 2177 cir-

253 2216 531 2265 cunspectus,
557 2218 606 2250 ut
636 2210 680 2250 in
718 2225 767 2251 eo
804 2210 926 2260 nihil,
964 2225 1017 2250 ne
1048 2210 1229 2251 verbum
1261 2209 1450 2264 quidem,
1487 2210 1628 2251 notari

251 2285 404 2340 possit,
433 2285 551 2339 quod
582 2299 671 2326 non
699 2285 754 2325 ad
789 2284 1120 2326 aedificationem
1157 2285 1244 2325 sive
1274 2299 1437 2335 eorum,
1467 2284 1542 2339 qui
1573 2285 1625 2325 de

253 2358 467 2400 Societate
497 2367 598 2400 sunt
631 2358 804 2414 (quibus
837 2358 1015 2414 speculi,
1047 2367 1089 2399 et
1121 2359 1376 2414 exemplaris
1406 2359 1500 2400 loco
1533 2373 1625 2400 esse

251 2433 393 2486 debet)
420 2433 507 2474 sive
529 2441 804 2475 externorum
825 2433 967 2473 faciat.

249 2508 545 2550 Nihilominus
575 2524 625 2550 eo
656 2509 784 2549 modo
815 2508 1012 2549 didicerit
1042 2507 1362 2558 rectitudinem,
1394 2522 1442 2548 ac
1470 2507 1624 2548 severi-

246 2587 381 2623 tatem
416 2582 700 2623 necessariam
746 2597 846 2623 cum
892 2581 1159 2636 benignitate
1201 2589 1244 2622 et
1290 2581 1623 2622 mansuetudine

246 2655 440 2707 miscere,
474 2663 524 2696 ut
555 2670 633 2697 nec
676 2670 720 2696 se
766 2655 881 2697 flecti
924 2656 1037 2697 sinat
1080 2655 1132 2696 ab
1179 2670 1243 2706 eo,
1286 2654 1404 2710 quod
1439 2655 1535 2696 Deo
1572 2669 1620 2696 ac

246 2729 438 2771 Domino
469 2737 617 2771 nostro
647 2728 811 2785 gratius
841 2729 930 2772 fore
956 2728 1241 2785 judicaverit:
1281 2736 1322 2770 et
1354 2736 1498 2770 tamen
1521 2728 1620 2769 filiis
