2004 3294
311 284 362 330 78

819 295 1252 324 CONSTITUTIONUM

398 404 674 446 satisfaciant.
737 405 818 446 Per
858 414 1028 448 nostros
1070 412 1212 448 autem
1255 421 1303 447 ea
1343 407 1514 448 tractari
1551 408 1765 458 convenit,

397 493 494 534 quae
521 487 679 521 nostrae
710 479 923 521 vocationi
954 481 1009 521 ad
1036 481 1120 521 Dei
1148 480 1327 535 gloriam
1363 481 1500 536 magis
1534 487 1637 523 sunt
1664 497 1765 523 con-

400 558 616 594 sentanea.

402 625 514 666 Cum
555 626 752 666 homines
793 625 942 665 itidem
983 626 1113 680 hujus
1157 626 1383 666 Societatis
1425 641 1594 681 semper
1629 626 1766 682 parati

400 714 492 739 esse
515 699 700 739 debeant
721 699 775 738 ad
797 698 1124 739 discurrendum
1146 713 1223 753 per
1245 699 1417 753 quasvis
1441 699 1594 739 mundi
1609 707 1767 754 partes,

400 787 486 826 quo
508 772 668 813 fuerint
699 787 723 813 a
746 772 925 813 Summo
949 772 1173 823 Pontifice,
1194 773 1262 813 vel
1292 787 1316 813 a
1348 773 1437 813 suis
1467 772 1768 828 Superioribus

400 845 546 896 missi3
583 860 671 886 non
703 845 862 886 debent
892 860 1039 886 curam
1071 845 1325 897 animarum,
1347 861 1487 900 neque
1508 847 1613 888 item
1636 845 1770 886 Muli-

401 933 521 960 erum
560 919 889 974 Religiosarum,
920 919 988 960 vel
1029 919 1206 960 aliarum
1248 934 1603 974 quarumcunque
1637 918 1770 960 susci-

401 1007 517 1048 pere,
538 1001 587 1033 ut
609 992 820 1033 ordinarie
841 993 1009 1034 iHarum
1032 993 1322 1034 confessiones
1345 993 1536 1045 audiant,
1557 993 1624 1034 vel
1655 992 1771 1047 ipsas

402 1071 579 1121 regant3
613 1066 807 1108 Quamvis
830 1066 938 1107 nihil
958 1075 1170 1123 repugnet
1203 1067 1334 1107 semel
1364 1067 1494 1107 unius
1516 1065 1772 1107 lVIonasterii

405 1140 696 1181 confessiones
718 1140 772 1180 ob
796 1139 1000 1194 speciales
1023 1155 1172 1180 causas
1195 1140 1355 1180 audire.

407 1213 602 1268 Obligari
630 1214 758 1254 etiam
784 1214 839 1254 ad
868 1213 1021 1254 missas
1052 1221 1282 1268 perpetuas
1313 1214 1357 1253 in
1391 1213 1479 1253 suis
1501 1212 1689 1253 ecclesiis
1711 1212 1774 1253 di-

406 1288 579 1338 cendas,
599 1287 667 1328 vel
688 1288 743 1327 ad
764 1301 910 1327 curam
933 1287 1129 1337 similem,
1152 1301 1282 1340 quam
1312 1287 1487 1327 libertas
1508 1292 1656 1327 nostro
1676 1300 1776 1341 pro-

407 1361 589 1403 cedendi
609 1362 738 1403 modo
760 1361 804 1402 in
819 1361 1010 1402 Domino
1032 1361 1271 1402 necessaria
1291 1375 1379 1402 non
1401 1360 1578 1416 patitur,
1599 1359 1776 1401 minime

407 1436 622 1478 convenit.

410 1510 475 1552 Ut
514 1509 685 1565 plenius
725 1509 864 1564 possit
905 1508 1096 1550 Societas
1144 1508 1273 1549 rebus
1314 1507 1609 1563 spiritualibus
1653 1506 1780 1562 juxta

410 1599 539 1626 suum
571 1583 830 1625 Institutum
860 1597 1038 1632 vacare,
1083 1583 1318 1638 quoadejus
1349 1582 1441 1623 fieri
1467 1581 1640 1637 poterit,
1661 1581 1685 1621 ἃ
1706 1595 1779 1621 ne-

411 1658 539 1713 gotiis
568 1657 830 1698 secularibus
865 1656 1108 1697 abstineant
1149 1656 1306 1710 (qualia
1337 1663 1438 1696 sunt
1466 1654 1781 1696 testamentari-

412 1747 550 1783 orum,
571 1731 638 1772 vel
660 1738 952 1781 executorum,
973 1730 1041 1771 vel
1062 1738 1390 1785 procuratorum
1411 1744 1554 1770 rerum
1577 1728 1780 1778 civilium,

414 1812 488 1846 aut
509 1805 553 1845 id
574 1819 711 1859 genus
734 1804 885 1856 officia)
911 1818 990 1844 nec
1012 1818 1060 1844 ea
1082 1804 1179 1844 ullis
1201 1803 1401 1858 precibus
1423 1802 1598 1843 adducti
1619 1801 1782 1843 obeun-

414 1881 468 1921 da
499 1879 750 1934 suscipiant,
781 1878 848 1918 vel
875 1878 920 1918 in
950 1878 1032 1918 illis
1065 1892 1108 1918 se
1138 1877 1337 1932 occupari
1370 1877 1527 1918 sinant.
1589 1876 1721 1918 Quod
1748 1875 1783 1916 si

417 1952 708 2007 Collegiorum
735 1951 876 2005 aliqua
911 1951 1083 2005 negotia
1117 1951 1340 1991 tractanda
1374 1950 1549 2000 fuerint,
1578 1964 1678 1990 suos
1707 1949 1784 1989 ha-

414 2027 546 2067 beant
580 2032 893 2080 procuratores,
925 2039 1002 2079 per
1035 2039 1142 2079 quos
1179 2039 1228 2065 ea
1259 2029 1460 2074 tractent,
1495 2031 1538 2064 et
1575 2021 1676 2078 jura
1708 2037 1785 2063 sua

416 2108 632 2142 tueantur.
695 2099 740 2141 Si
769 2114 869 2140 vero
903 2099 958 2139 ad
993 2099 1143 2140 domos
1181 2098 1421 2149 Societatis,
1456 2097 1524 2138 vel
1556 2097 1610 2137 ad
1645 2101 1786 2138 totum

419 2175 511 2230 cjus
534 2189 689 2229 corpus
711 2173 955 2229 pertinent:
989 2174 1074 2227 quo
1097 2187 1247 2228 pacem
1279 2187 1401 2213 suam
1431 2172 1584 2213 me'lius
1615 2185 1786 2212 conser—

418 2264 515 2290 vare
557 2248 694 2304 possit
736 2247 960 2298 Societas3
1017 2247 1131 2287 idem
1176 2255 1441 2302 procurator,
1488 2246 1556 2287 vel
1591 2245 1699 2287 alius
1735 2260 1787 2286 ex

423 2323 771 2378 Coadjutoribus,
793 2322 860 2363 vel
889 2322 1062 2362 demum
1095 2321 1247 2375 aliquis
1273 2330 1393 2362 extra
1414 2321 1687 2371 Societatem,
1715 2326 1789 2360 aut

422 2398 603 2439 Familia
636 2397 866 2452 quaepiam,
900 2410 996 2450 quae
1030 2395 1184 2436 domus
1217 2395 1505 2450 patrocinium
1539 2394 1789 2449 susciperet,

416 2472 490 2527 jus
514 2471 738 2513 Societatis
761 2471 815 2511 ad
835 2469 1040 2524 majorem
1062 2469 1145 2510 Dei
1166 2469 1345 2523 gloriam
1367 2476 1513 2524 posset
1535 2467 1775 2509 defendere.

368 2552 391 2587 8
425 2547 590 2587 Eadem
612 2546 664 2586 de
687 2559 829 2596 causa,
859 2549 993 2598 utque
1025 2543 1337 2597 inquietudinis
1369 2544 1392 2584 a
1419 2548 1566 2584 nostra
1591 2540 1792 2597 professi-

425 2635 505 2660 one
528 2619 676 2660 alienae
699 2618 944 2660 occasiones
967 2618 1195 2668 evitentur,
1217 2626 1259 2658 et
1286 2617 1440 2658 melius
1470 2631 1555 2672 pax
1585 2630 1633 2656 ac
1663 2615 1792 2656 bene-

424 2694 611 2735 volentia
633 2709 731 2734 cum
754 2692 955 2734 omnibus
978 2692 1031 2732 ad
1052 2691 1256 2746 majorem
1274 2691 1357 2732 Dei
1378 2690 1555 2746 gloriam
1571 2703 1793 2730 conserve-

426 2777 510 2819 tur,
547 2783 672 2808 nemo
710 2782 760 2808 cx
804 2766 1025 2816 Professis,
1067 2765 1133 2806 vel
1176 2764 1524 2820 Coadjutoribus,
1565 2763 1631 2804 vel
1665 2762 1792 2803 etiam
