2004 3294
381 287 431 323 10

404 408 428 443 9

376 557 428 593 10

376 704 421 739 ll

371 1146 420 1182 13

874 296 1307 324 CONSTITUTIONL'M

463 403 515 444 In
557 404 837 445 exterioribus
888 405 1131 459 exoptanda
1181 413 1245 445 est
1296 405 1503 445 sermonis
1553 404 1732 445 facultas
1774 405 1828 445 ad

460 479 674 533 agendum
697 493 795 519 cum
816 479 1023 533 proximis
1044 479 1373 534 pernecessaria.

460 553 625 606 Species
655 555 838 603 honesta,
871 567 965 606 quae
1002 552 1275 593 aedificationi
1309 567 1399 593 esse
1437 553 1543 594 solet
1573 553 1639 604 iis,
1670 552 1826 608 quibus

459 641 558 667 cum
581 626 734 681 agitur.

459 701 581 741 Bona
615 699 830 749 valetudo,
865 712 912 738 ac
953 698 1078 748 vires,
1120 698 1276 752 quibus
1318 699 1425 738 ferre
1461 699 1598 753 possit
1638 698 1826 739 instituti

458 774 592 814 nostri
613 773 794 813 labores.

456 847 596 897 AEtas,
613 861 709 901 quae
732 846 785 886 ad
806 860 855 886 ea
876 860 970 900 quae
993 845 1107 886 dicta
1129 853 1244 896 sunt,
1262 845 1502 895 conveniat,
1519 859 1614 899 quae
1636 844 1825 899 quidem,

453 928 501 960 ut
516 919 800 960 admittantur
816 919 870 959 ad
893 918 1212 969 probationem,
1226 918 1428 958 excedere
1451 917 1578 958 debet
1593 918 1823 958 Decimum

455 1001 656 1047 quartum
688 1007 878 1042 annum3
920 1001 969 1032 ut
997 992 1050 1032 ad
1075 991 1387 1032 Professionem
1418 991 1533 1042 vero,
1554 991 1823 1046 Vigesimum

455 1067 670 1121 quintum.

455 1142 583 1182 Dona
613 1149 801 1192 externa,
834 1140 1084 1190 nobilitatis,
1117 1139 1376 1191 divitiarum,
1410 1138 1752 1190 existimationis,
1781 1147 1823 1179 et

455 1215 608 1255 similia
633 1223 679 1255 ut
706 1229 793 1255 non
825 1214 928 1255 satis
960 1222 1076 1265 sunt,
1108 1214 1143 1254 si
1169 1214 1310 1254 desint
1346 1213 1451 1264 alia3
1492 1214 1565 1264 ita,
1593 1213 1691 1254 cum
1723 1227 1824 1268 sup-

452 1296 615 1342 petent,
638 1303 724 1328 non
747 1295 872 1328 erunt
894 1287 1154 1328 necessaria:
1188 1295 1400 1341 quatenus
1432 1294 1576 1326 tamen
1607 1286 1662 1326 ad
1690 1286 1825 1326 aedjfi-

452 1362 663 1403 cationem
685 1362 862 1413 faciunt,
878 1362 1064 1402 reddunt
1086 1360 1222 1415 magis
1244 1360 1435 1411 idoneos,
1450 1368 1500 1400 ut
1527 1360 1824 1410 admittantur,

452 1436 525 1489 qui
552 1436 642 1475 sine
679 1435 784 1489 ipsis
821 1435 978 1488 alioqui
1007 1444 1150 1475 essent
1183 1433 1325 1475 idonei
1358 1441 1536 1488 propter
1569 1433 1691 1474 dotes
1722 1432 1824 1474 alias

451 1509 704 1563 praedictas3
736 1508 781 1548 in
803 1508 960 1562 quibus
983 1522 1067 1562 quo
1089 1507 1226 1562 magis
1247 1506 1531 1562 praecelluerit
1559 1506 1632 1561 qui
1655 1506 1824 1547 admitti

451 1583 585 1637 cupit,
611 1597 660 1623 eo
693 1582 831 1636 magis
868 1582 946 1622 erit
981 1582 1033 1621 ad
1066 1582 1177 1621 hanc
1213 1581 1471 1622 Societatem
1498 1588 1625 1635 aptus
1654 1581 1708 1620 ad
1741 1581 1823 1621 Dei

451 1656 628 1696 Domini
651 1655 786 1696 nostri
807 1655 986 1709 gloriam
1004 1672 1015 1705 3
1049 1669 1133 1708 quo
1156 1669 1254 1695 vero
1287 1654 1431 1694 minus
1463 1653 1543 1694 erit
1567 1653 1611 1694 in
1635 1668 1684 1694 eo
1707 1654 1823 1708 quod

450 1729 652 1780 excellat3
695 1743 743 1769 eo
772 1729 916 1769 minus
942 1729 1019 1769 erit
1049 1728 1243 1769 idoneus.
1306 1728 1415 1770 Quae
1447 1735 1590 1768 tamen
1622 1742 1823 1769 mensura

451 1803 651 1844 omnibus
685 1803 728 1843 in
766 1803 894 1844 rebus
931 1803 1066 1843 teneri
1101 1803 1268 1853 debeat,
1298 1802 1445 1843 unctio
1483 1810 1631 1843 sancta
1666 1802 1822 1843 divinae

452 1878 682 1932 Sapientiae
714 1892 785 1918 eos
817 1877 1001 1928 docebit,
1033 1877 1106 1931 qui
1138 1877 1182 1917 id
1214 1891 1326 1917 curae
1359 1877 1413 1917 ad
1443 1876 1534 1931 ejus
1566 1876 1820 1931 obsequium

450 1966 497 1991 ac
519 1952 689 1992 laudem
712 1951 951 1992 uberiorem
975 1959 1271 2005 susceperunt.

474 2113 534 2139 DE
561 2114 638 2150 118,
667 2114 774 2142 QUAE
801 2113 1095 2151 lMPEDIUNT,
1120 2113 1182 2138 NE
1209 2112 1318 2141 oms
1346 2112 1394 2137 ix
1422 2111 1726 2139 socu-:TATEM

927 2185 1265 2213 ADMITTATUR.

975 2246 1104 2286 CAP.
1138 2244 1225 2285 ΙΙΙ.

454 2322 682 2364 Qum-ms
701 2320 898 2362 Charitas
921 2329 962 2361 et
976 2320 1104 2361 Zelus
1127 2319 1381 2369 animarum,
1397 2319 1440 2359 in
1463 2334 1548 2373 quo
1571 2334 1614 2360 se
1632 2319 1822 2362 Societas

453 2397 544 2436 haec
573 2404 738 2436 exercet
773 2395 899 2450 juxta
926 2393 1114 2434 instituti
1148 2393 1213 2434 sui
1251 2393 1395 2444 finem,
1424 2394 1567 2434 omnia
1596 2394 1820 2436 hominum

453 2484 609 2524 genera
630 2469 954 2524 complectatur,
975 2476 1023 2508 ut
1046 2482 1193 2508 eorum
1217 2467 1370 2508 serviat
1393 2467 1603 2522 spirituali
1632 2468 1821 2518 utilitati,

453 2559 499 2583 ac
523 2545 576 2584 ad
596 2544 905 2584 beatitudinem
935 2542 1280 2596 consequendam
1310 2542 1352 2582 in
1377 2542 1567 2584 Domino
1591 2542 1741 2598 juvet3
1771 2552 1819 2583 ut

453 2627 596 2659 tamen
618 2619 661 2658 in
686 2618 910 2659 Societatis
931 2617 1066 2672 ipsius
1088 2632 1243 2672 corpus
1266 2617 1479 2668 admittat,
1501 2617 1701 2673 amplecti
1732 2631 1819 2657 non

453 2693 593 2742 debet,
616 2701 663 2733 ut
689 2693 851 2733 dictum
883 2700 961 2742 est,
984 2691 1066 2731 nisi
1088 2706 1195 2745 quos
1221 2691 1433 2746 judicabit
1466 2692 1520 2733 ad
1549 2691 1819 2747 propositum

456 2766 679 2807 societatis
702 2767 831 2807 finem
856 2766 982 2808 utiles
1004 2766 1106 2807 sore.
