2004 3294
372 312 427 345 40

401 1028 424 1063 [Ο

876 318 1307 345 CONSTITUTIONIJM

457 428 555 469 ralis
587 443 634 469 ac
663 428 845 469 Moralis
871 428 1162 482 Philosophia,
1193 426 1509 482 Metaphysica,
1532 435 1574 467 et
1595 425 1831 481 Theologia

460 510 547 543 tam
589 517 685 557 quae
728 501 1006 552 Scholastica,
1049 516 1176 555 quam
1220 516 1315 555 quae
1360 501 1547 542 Positiva
1583 500 1753 551 dicitur,
1787 508 1830 540 ct

460 592 578 618 sacra
595 576 816 631 Scriptura
832 576 885 616 ad
907 575 951 616 id
973 575 1196 630 adjuvant:
1230 576 1382 615 harum
1398 575 1652 616 facultatum
1675 574 1830 616 studiis

459 665 633 705 operam
671 649 836 690 dabunt
873 648 947 702 qui
981 649 1035 688 ad
1065 648 1256 702 Collegia
1284 648 1543 699 mittuntur3
1586 658 1629 689 et
1654 648 1828 702 quidem

460 724 610 779 majori
633 738 731 764 cum
755 722 977 777 diligentia
998 722 1080 762 illis
1101 722 1332 773 vacabunt,
1355 736 1450 776 quae
1483 722 1537 762 ad
1567 723 1698 762 finem
1720 737 1829 777 prae-

459 797 638 848 dictum,
672 796 820 837 habita
854 796 1018 837 ratione
1060 795 1282 851 temporis,
1318 795 1414 849 loci,
1456 803 1498 836 et
1533 810 1829 850 personarum,

459 887 685 927 supremus
719 871 969 912 Moderator
1001 870 1243 911 studiorum
1275 871 1412 925 magis
1445 870 1488 911 in
1511 870 1702 912 Domino
1727 885 1829 912 con-

457 947 600 988 venire
625 945 853 1001 judicabit.

458 1021 528 1061 Ad
552 1020 830 1075 particulares
867 1034 1072 1074 personas
1107 1019 1422 1070 descendendo,
1461 1019 1566 1073 quid
1596 1019 1641 1059 hi
1672 1019 1739 1060 vel
1768 1019 1828 1060 illi

458 1095 676 1136 addiscere
720 1095 919 1145 debeant,
955 1094 1234 1150 Superiorum
1276 1094 1516 1149 prudentiae
1549 1094 1828 1149 relinquetur.

458 1170 547 1212 Qui
578 1178 722 1211 tamen
754 1169 897 1210 indole
923 1168 1085 1224 ingenii
1117 1168 1325 1224 praeditus
1355 1178 1481 1219 esset,
1513 1183 1598 1222 quo
1629 1168 1673 1209 in
1702 1168 1828 1209 dictis

456 1244 732 1284 facultatibus
768 1243 1011 1284 solidiorem
1050 1243 1289 1284 doctrinam
1327 1250 1629 1297 consequetur,
1661 1257 1710 1284 eo
1737 1257 1827 1283 rem

456 1318 671 1358 utiliorem
692 1318 864 1358 faceret.

456 1393 523 1432 De
538 1400 730 1446 tempore
747 1391 873 1431 alicui
895 1406 947 1431 ex
968 1390 1036 1431 his
1055 1390 1254 1431 Scientiis
1276 1390 1583 1445 impendendo,
1596 1398 1639 1431 et
1655 1390 1828 1445 quando

455 1466 510 1506 ad
531 1455 720 1506 utiliores
744 1465 798 1506 sit
820 1464 1199 1520 progrediendum,
1222 1465 1380 1505 Rector
1401 1463 1594 1505 adhibita
1614 1464 1829 1506 examina-

455 1540 571 1581 tione
594 1539 866 1580 convenienti
889 1539 1191 1590 considerabit,
1213 1547 1255 1580 et
1278 1546 1451 1579 statuet.

456 1616 701 1669 Sequantur
730 1614 776 1654 in
813 1614 962 1668 quavis
991 1614 1193 1654 facultate
1226 1613 1482 1654 securiorem
1514 1621 1556 1653 et
1587 1613 1725 1668 magis
1753 1627 1828 1668 ap-

454 1689 678 1744 probatam
705 1687 959 1738 doctrinam,
988 1695 1029 1728 et
1063 1702 1134 1728 eos
1168 1688 1385 1738 authores,
1413 1687 1488 1741 qui
1519 1701 1612 1727 eam
1644 1687 1826 1728 docent:

454 1763 578 1819 cujus
609 1763 668 1804 rei
704 1778 837 1818 penes
873 1764 1101 1803 Rectorem
1135 1762 1238 1817 (qui,
1267 1763 1383 1817 quod
1415 1770 1629 1804 statuetur
1654 1763 1699 1803 in
1731 1763 1827 1804 uni-

453 1854 574 1880 versa
597 1839 807 1880 Societate
831 1839 885 1879 ad
906 1838 1111 1893 majorem
1136 1838 1219 1878 Dei
1240 1838 1435 1893 gloriam,
1458 1844 1719 1893 sequuturus
1741 1840 1822 1890 est)

456 1928 557 1954 cura
579 1913 647 1954 sit.

387 2108 624 2140 QUOMODO
649 2107 913 2136 JUVENTUR
938 2105 1256 2134 SCHOLASTICI
1282 2107 1348 2134 AD
1374 2108 1464 2135 HAS
1489 2107 1805 2136 FACULTATES

400 2341 412 2375 ]

395 2783 417 2818 2

840 2181 970 2208 BENE
996 2180 1355 2209 ADDISCENDAS.

977 2249 1105 2290 CAP.
1139 2249 1219 2289 VI.

456 2335 528 2376 U'r
550 2342 693 2374 autem
718 2332 972 2374 Scholastici
1003 2332 1236 2388 plurimum
1268 2333 1313 2374 in
1345 2334 1540 2375 doctrina
1570 2333 1796 2389 proficiant
1813 2350 1825 2384 3

453 2409 497 2449 in
520 2407 669 2463 primis
692 2406 846 2447 animae
874 2406 1106 2462 puritatem
1138 2407 1367 2459 custodire,
1390 2423 1437 2449 ac
1469 2416 1629 2450 rectam
1661 2407 1824 2449 studio-

452 2497 549 2523 rum
571 2481 857 2522 intentionem
885 2480 1040 2521 habere
1073 2488 1296 2532 conentur,
1326 2481 1432 2522 nihil
1454 2482 1570 2523 aliud
1591 2482 1634 2522 in
1658 2480 1824 2531 litteris,

454 2557 580 2610 quam
604 2554 791 2595 divinam
814 2553 1008 2609 gloriam,
1022 2559 1063 2594 ct
1087 2554 1326 2595 animarum
1349 2555 1538 2597 fructum
1561 2560 1823 2611 quaercntcs3

452 2638 494 2670 ct
517 2629 560 2669 in
584 2629 672 2669 suis
705 2628 971 2669 orationibus
996 2628 1192 2683 gratiam,
1214 2637 1262 2670 ut
1294 2629 1337 2670 in
1371 2630 1565 2671 doctrina
1595 2627 1820 2684 proficiant

452 2704 506 2743 ad
527 2704 644 2743 hunc
671 2703 814 2754 linem,
838 2702 986 2743 crebro
1009 2709 1173 2757 petant.

454 2777 662 2818 Praetcrea
694 2775 801 2817 scrib
836 2784 877 2817 ct
915 2783 1162 2817 constanter
1196 2777 1388 2818 animum
1429 2776 1582 2818 studiis
1612 2775 1824 2831 applicare
