1987 3374
729 322 850 350 PARS
885 321 1095 350 oc'rAvA.
1531 314 1607 350 101

233 432 342 475 alius
365 432 418 473 ab
440 431 522 472 alio
552 439 733 487 petant:
777 440 819 472 et
844 431 962 486 juret
994 431 1294 485 unusquisque
1325 431 1460 485 prius,
1483 445 1612 485 quam

235 508 322 559 det,
345 507 464 562 quod
485 521 584 547 eum
607 506 815 557 nominat,
838 520 968 561 quem
992 505 1125 546 sensit
1156 505 1201 546 in
1224 505 1414 546 Domino
1447 505 1501 545 ad
1532 506 1614 546 hoc

233 599 394 626 munus
417 584 554 640 magis
576 585 784 635 idoneus;
817 592 860 625 et
882 584 1084 638 suffragia
1105 583 1150 623 in
1172 583 1373 624 manibus
1389 583 1615 624 Secretarii

233 659 363 700 simul
385 665 633 710 serventur3
678 659 832 699 deinde
859 673 883 699 a
905 658 1098 713 quolibet
1126 673 1289 708 eorum,
1322 657 1397 712 qui
1422 657 1467 697 in
1497 657 1614 698 Con-

231 733 480 789 gregatione
499 741 615 783 sunt,
632 748 840 783 seorsum,
858 732 933 773 sed
951 740 1096 773 tamen
1113 747 1256 772 coram
1274 731 1365 772 aliis
1387 730 1613 786 proprium

235 808 489 862 suffragium
524 807 684 863 scripto
727 815 982 848 contentum
1023 807 1261 862 postulent,
1303 806 1421 860 quod
1453 805 1614 861 praevio

226 881 475 937 juramento
497 882 659 922 eisdem
691 880 810 921 dabit
837 880 1150 934 unusquisque.
1212 879 1382 920 Deinde
1405 880 1451 920 in
1472 880 1612 921 medio

233 954 429 995 omnium
466 954 730 996 Secretarius
763 953 978 1008 suffragia,
1011 953 1195 993 electum
1229 953 1499 994 solummodo
1534 969 1612 994 no—

232 1029 453 1081 minando,
494 1028 816 1084 promulgabit,
869 1043 917 1068 ac
960 1028 1135 1068 demum
1178 1042 1265 1068 uno
1308 1027 1611 1082 suffragiorum

232 1119 414 1145 numero
435 1119 536 1145 cum
557 1104 638 1145 alio
661 1103 830 1154 collato,
852 1102 927 1157 qui
947 1103 1062 1158 plus,
1085 1117 1215 1157 quam
1236 1101 1424 1142 mediam
1445 1110 1613 1157 partem

233 1179 536 1234 suffragiorum
559 1178 754 1219 omnium
775 1177 989 1228 habuerit,
1013 1177 1066 1217 sit
1088 1176 1348 1232 praepositus
1368 1176 1613 1217 Generalis:

234 1261 276 1293 et
307 1253 367 1293 ita
398 1253 473 1307 qui
502 1253 668 1308 primus
701 1267 800 1293 eum
831 1250 1084 1302 nominavit,
1115 1251 1183 1292 vel
1204 1250 1400 1291 Vicarius
1432 1265 1614 1306 percon-

233 1334 350 1368 tetur
390 1327 510 1378 alios,
552 1342 607 1367 an
658 1342 786 1367 suum
834 1341 1095 1367 consensum
1138 1325 1176 1366 ei
1217 1332 1440 1379 praestent,
1482 1339 1612 1379 quem

232 1400 369 1456 major
397 1415 498 1456 pars
529 1400 686 1455 elegit3
730 1408 787 1451 et,
818 1408 1041 1454 utcunque
1072 1398 1378 1454 respondeant,
1409 1398 1612 1439 formabit

234 1475 471 1516 Decretum
492 1474 726 1525 electionis,
749 1474 931 1515 dicendo
949 1491 960 1524 ;
1003 1473 1056 1514 In
1078 1473 1252 1514 nomine
1284 1471 1434 1527 patris,
1457 1480 1499 1513 et
1521 1472 1613 1524 filii,

233 1558 276 1591 et
294 1550 470 1606 spiritus
485 1551 623 1591 sancti
637 1567 649 1601 3
681 1550 810 1591 EGO
834 1550 893 1591 N.
910 1549 1083 1590 nomine
1097 1564 1208 1600 meo,
1225 1556 1267 1589 et
1284 1547 1478 1589 omnium
1495 1547 1611 1588 idem

233 1624 514 1666 sentientium
537 1624 647 1679 eligo
664 1624 722 1665 N.
740 1624 784 1664 in
801 1623 1088 1678 Praepositum
1108 1622 1365 1664 Generalem
1385 1621 1612 1663 Societatis

232 1699 399 1740 JESU.
463 1698 562 1741 Quo
595 1706 770 1754 peracto
801 1697 945 1738 statim
979 1712 1128 1738 omnes
1163 1697 1217 1736 ad
1252 1696 1536 1737 reverentiam
1574 1696 1611 1737 ei

231 1773 520 1815 exhibendam
568 1773 788 1824 accedant,
831 1780 874 1813 et
912 1774 1028 1826 fleoeo
1070 1776 1248 1824 utroque
1293 1785 1402 1824 ,qemc
1444 1785 1611 1812 mamam

231 1850 320 1903 ejus
341 1850 592 1890 osculentur.
656 1848 745 1892 Qui
765 1863 865 1889 vero
888 1847 1049 1888 electus
1071 1846 1214 1897 fuerit,
1237 1861 1316 1887 nec
1339 1846 1610 1898 electionem,

232 1940 312 1966 nec
334 1924 569 1966 exhibitam
595 1923 878 1964 reverentiam
905 1923 1019 1976 (cum
1051 1921 1264 1963 recordari
1296 1921 1463 1973 debeat,
1487 1921 1610 1976 cujus

232 1999 406 2040 nomine
429 2014 523 2040 eam
551 1998 766 2051 admittat)
792 2011 988 2038 recusare
1021 1996 1161 2037 debet.
1226 1997 1449 2037 Postremo
1482 1996 1611 2037 simul

233 2088 384 2115 omnes
408 2073 568 2124 dicant,
590 2073 651 2113 Te
674 2073 820 2113 Deum
841 2071 1082 2112 laudamus.

176 2150 200 2198 7
234 2148 280 2190 Si
311 2163 399 2189 non
428 2147 572 2198 fuerit,
603 2146 679 2201 qui
708 2145 907 2201 amplius,
939 2146 1067 2200 quam
1098 2146 1284 2186 mediam
1322 2154 1490 2201 partem
1523 2146 1611 2186 suf-

230 2222 466 2278 fragiorum
498 2221 680 2272 habeat3
724 2220 805 2260 alia
840 2219 962 2270 ratio,
1005 2219 1167 2260 scilicet
1209 2220 1606 2275 compromissionis

231 2297 414 2347 ineatur,
443 2295 588 2336 electis
619 2295 731 2335 inter
761 2309 911 2335 omnes
941 2294 1096 2345 tribus,
1125 2303 1199 2334 aut
1231 2294 1422 2349 quinque
1454 2294 1611 2335 electo-

231 2371 351 2412 ribus
394 2370 484 2425 (qui
513 2370 717 2410 nimirum
751 2370 804 2410 ad
835 2369 879 2409 id
910 2384 1070 2409 munus
1102 2369 1227 2424 plura
1258 2369 1489 2410 habuerint
1520 2369 1609 2409 suf-

230 2444 379 2499 fragia)
425 2452 468 2485 et
510 2458 594 2498 quo
631 2443 767 2498 major
800 2444 955 2484 horum
991 2442 1122 2483 trium
1163 2442 1231 2483 vel
1272 2443 1463 2497 quinque
1506 2457 1606 2497 pars

229 2518 514 2570 inclinaverit,
543 2518 614 2559 ille
647 2518 702 2559 sit
735 2517 998 2573 Praepositus
1024 2516 1262 2567 Generalis,
1286 2524 1328 2557 et
1359 2516 1606 2572 promulge-

229 2599 301 2634 tur
317 2610 328 2645 3
371 2593 494 2648 eique
519 2592 757 2634 reverentia
787 2592 1053 2642 exhibeatur,
1085 2599 1126 2632 et
1155 2592 1250 2632 Deo
1280 2600 1427 2633 nostro
1459 2592 1607 2647 gratiae

228 2675 426 2723 agantur,
448 2675 491 2708 et
513 2667 710 2722 superius
733 2667 897 2708 dictum
921 2674 999 2708 est.

172 2747 196 2784 8
231 2742 335 2784 Post
375 2741 767 2798 promulgationem
809 2741 917 2782 nulli
958 2741 1176 2796 integrum
1219 2740 1312 2792 erit,
1350 2741 1602 2796 suffragium

842 2830 873 2856 H
