2004 3294
282 300 335 334 46

788 302 1219 331 CONSTI'PVTIONI'M

364 420 512 471 [torale
526 418 742 471 praemiwn
764 415 954 470 accipere
978 429 1054 469 pro
1078 412 1371 468 spiritualibus
1404 410 1666 461 ministeriis,
1695 409 1739 450 in

372 493 528 548 quibus
556 492 680 549 juxta
700 498 896 532 nostrum
919 488 1168 530 institutum
1190 487 1233 528 in
1266 486 1559 542 proximorum
1592 484 1742 526 auxili-

372 583 446 608 um
468 581 729 622 occupamur
747 582 755 605 :
790 580 877 606 non
899 563 1100 604 convenit
1121 562 1252 602 ullam
1276 561 1457 616 Collegii
1478 560 1741 601 dotationem

374 642 612 690 admittere,
647 654 723 694 per
765 653 893 692 quam
936 637 990 676 ad
1032 636 1222 676 dandum
1262 634 1635 683 Concionatorcm,
1670 641 1742 673 aut

377 713 714 763 Confessarium,
737 720 811 752 aut
834 712 1060 751 Lectorem
1094 709 1277 763 aliquem
1311 707 1573 762 Theologiae,
1603 707 1746 747 Socie-

376 800 440 830 tas
477 788 705 843 obligetur.
769 784 964 828 Quamvis
1002 784 1116 824 enim
1153 782 1368 837 aequitatis
1397 790 1440 823 et
1470 780 1747 837 gratitudinis

376 863 483 904 ratio
506 877 584 903 nos
607 861 662 902 ad
684 859 956 901 serviendum
979 872 1078 899 cum
1111 856 1260 912 majori
1293 855 1515 911 diligentia
1545 856 1590 896 in
1623 854 1748 895 dictis

377 936 640 986 ministeriis,
657 949 753 989 quae
776 933 911 974 nostri
933 931 1122 973 instituti
1144 939 1246 972 sunt
1266 930 1454 986 propria,
1475 937 1645 970 moveat
1664 945 1673 969 ε
1705 928 1750 968 in

380 1010 583 1066 Collegiis
615 1018 775 1059 tamen,
804 1022 900 1062 quae
934 1005 1085 1060 majori
1119 1019 1218 1046 cum
1255 1003 1507 1045 liberalitate
1544 1011 1586 1043 et
1623 1002 1751 1042 devo-

379 1086 495 1127 tione
517 1084 696 1125 fundata
720 1090 835 1133 sunt,
858 1096 945 1122 non
969 1088 1070 1121 sunt
1092 1078 1348 1133 recipiendae
1381 1076 1664 1132 obligationes
1685 1075 1752 1116 vel

381 1159 665 1209 conditiones,
688 1172 783 1212 quae
817 1154 1119 1211 synceritatem
1152 1152 1389 1208 impediant
1421 1151 1557 1192 nostri
1588 1151 1631 1191 in
1655 1164 1754 1205 pro-

382 1234 574 1275 cedendo
603 1232 733 1282 modi,
766 1230 839 1285 qui
876 1238 955 1279 est,
993 1228 1091 1269 dare
1124 1226 1270 1283 gratiS,
1303 1241 1398 1280 quae
1430 1225 1563 1280 gratis
1589 1224 1754 1278 accepi-

382 1323 504 1349 mus:
538 1306 719 1361 quanvis
748 1319 825 1360 pro
858 1318 1005 1344 eorum
1039 1300 1399 1350 substentatione,
1431 1299 1504 1354 qui
1537 1298 1756 1339 communi

383 1384 498 1425 bono
533 1379 825 1435 Collegiorum
863 1376 1070 1425 serviunt,
1108 1374 1173 1415 vel
1210 1379 1386 1429 propter
1422 1372 1529 1413 illud
1566 1371 1758 1422 student,

386 1459 560 1507 dotatio,
583 1468 713 1510 quam
728 1452 1028 1494 Fundatorum
1052 1449 1236 1490 charitas
1261 1448 1478 1503 assignare
1502 1447 1555 1488 ad
1577 1446 1756 1501 gloriam

387 1531 576 1573 divinam
599 1529 721 1579 solet,
745 1527 1011 1568 admittatur.

344 1736 405 1762 DF,
431 1730 774 1761 SCHOLASTICIS
800 1727 1147 1756 INSTI'PUENDIS
1175 1727 1222 1752 IN
1252 1726 1329 1762 HS,
1353 1725 1461 1755 QUAE
1487 1724 1552 1750 AD
1580 1723 1727 1751 PROX—

338 1969 354 2003 l

607 1805 721 1833 imos
747 1804 862 1831 suos
886 1801 1142 1830 JUVANDOS
1168 1800 1464 1827 PERTINENT.

887 1872 1016 1913 CAP.
1049 1870 1180 1911 VIII.

394 1963 593 2003 ScoPt'M
617 1959 738 2000 illum
760 1956 985 2006 intuendo,
1008 1955 1061 1995 ad
1090 1968 1218 2008 quem
1251 1952 1393 1993 studia
1416 1951 1642 1993 Societatis
1664 1950 1764 1990 diri-

393 2044 570 2091 guntur,
603 2033 683 2075 sub
715 2033 907 2087 ipsorum
940 2030 1070 2070 finem
1103 2042 1343 2083 congruum
1373 2026 1466 2077 erit,
1492 2034 1541 2066 ut
1573 2025 1627 2066 ad
1649 2039 1765 2065 arma

396 2111 632 2168 spiritualia
654 2111 698 2150 in
720 2109 1015 2164 proximorum
1039 2105 1245 2146 auxilium
1277 2103 1502 2145 tractanda
1523 2115 1764 2143 assuescere

395 2185 619 2241 incipiant.
683 2182 877 2226 Quanvis
900 2180 1014 2221 enim
1037 2179 1081 2220 id
1110 2178 1281 2234 proprie
1312 2172 1456 2232 magis
1473 2185 1514 2218 et
1537 2175 1699 2217 diutius
1721 2175 1764 2215 in

397 2259 597 2302 domibus
619 2258 707 2308 fiat,
730 2255 887 2311 poterit
910 2263 1054 2294 tamen
1078 2253 1120 2292 in
1145 2252 1349 2306 Collegiis
1371 2250 1577 2292 inchoari.

399 2334 590 2376 Primum
626 2332 701 2382 illi,
738 2330 811 2385 qui
850 2329 977 2384 juxta
1014 2326 1254 2382 Superioris
1293 2325 1507 2380 judicium
1536 2324 1590 2365 ad
1626 2338 1766 2365 sacros

398 2409 569 2451 ordines
592 2414 717 2448 erunt
740 2402 1035 2460 promovendi,
1057 2401 1100 2441 in
1123 2400 1286 2441 rationo
1310 2400 1461 2440 Missae
1490 2399 1698 2449 dicendae,
1721 2406 1767 2439 ut

398 2491 554 2539 praeter
575 2478 919 2535 intelligentiam,
934 2485 976 2518 et
999 2475 1270 2517 devotionem
1293 2474 1522 2525 internam,
1545 2473 1768 2514 decentem

401 2560 529 2600 etiam
551 2558 739 2599 habeant
761 2553 1013 2596 exteriorem
1042 2551 1219 2592 modum
1253 2550 1306 2591 ad
1338 2549 1606 2591 audientium
1637 2547 1770 2589 aedifi-

402 2633 630 2683 cationem,
654 2631 963 2672 instituantur:
999 2635 1038 2667 et
1063 2625 1314 2667 ceremoniis
1338 2625 1498 2666 eisdem
1531 2623 1670 2664 omnis
1694 2621 1771 2662 So-

402 2708 547 2755 eietas,
585 2714 798 2760 quantum
836 2703 925 2744 fieri
963 2709 1120 2756 potest.
1157 2709 1327 2741 utatur:
1372 2700 1417 2740 in
1454 2697 1610 2753 quibus
1645 2711 1771 2737 usum
