2004 3294
308 285 383 320 114
801 293 1232 321 CONSTI'PUTJONUM

388 416 486 442 cum
509 401 814 456 approbatione
839 402 1171 457 Praepositorum
1196 402 1524 444 Provincialium
1548 403 1628 444 sibi
1651 404 1750 445 sub-

390 476 568 528 stituat3
611 477 696 517 sive
724 477 783 517 illi
815 492 913 517 cum
946 476 1252 531 approbatione
1284 478 1466 518 duorum
1496 479 1753 533 Praeposito-

389 565 486 591 rum
520 550 735 601 localium,
771 550 838 590 vel
872 551 1103 590 Rectorum
1141 551 1479 606 uniuscujusque
1518 553 1752 594 Provinciae

388 639 486 664 eum
508 638 585 678 per
611 624 773 664 litteras
794 623 991 677 pluribus
1020 623 1232 677 suffragiis
1263 623 1423 678 eligant
1453 625 1507 665 ad
1530 625 1753 668 Societatis

388 697 742 752 gubernationem
773 711 872 736 cum
898 710 946 736 ea
972 696 1188 746 facultate,
1221 711 1316 751 quae
1350 697 1565 749 Generali,
1585 699 1653 740 vel
1672 699 1755 754 ipsi

389 771 604 820 Societati,
627 771 661 811 si
683 785 731 811 ea
753 770 939 825 eligeret,
962 770 1319 811 communicanda
1338 771 1568 813 videretur.

334 847 356 893 7
390 845 520 886 Sexta
539 845 682 885 locum
703 844 879 885 haberet
900 844 944 883 in
967 843 1225 897 quibusdam
1248 845 1446 895 casibus3
1481 860 1589 900 quos
1613 860 1756 901 spera-

387 933 484 958 mus
516 933 593 973 per
634 918 717 958 Dei
752 917 1003 967 bonitatem,
1037 918 1251 972 aspirante
1293 918 1427 973 ipsius
1464 919 1614 974 gratia,
1643 934 1755 960 nun-

388 1005 516 1046 quam
548 998 775 1032 eventuros
808 991 1065 1045 (cujusmodi
1099 997 1242 1032 essent
1273 1000 1450 1046 peccata
1480 992 1678 1033 mortalia
1709 993 1754 1033 in

389 1072 612 1105 externum
645 1071 788 1105 actum
819 1065 1088 1119 prodeuntia,
1112 1080 1159 1105 ac
1191 1065 1445 1106 nominatim
1478 1066 1633 1120 copula
1664 1080 1755 1106 car-

390 1139 512 1189 nalis,
548 1139 768 1179 vulnerare
805 1153 1065 1192 quenquam,
1099 1153 1151 1179 ex
1186 1138 1425 1179 redditibus
1464 1138 1755 1193 Collegiorum

389 1212 550 1266 aliquid
575 1212 629 1252 ad
659 1212 854 1267 proprios
884 1219 1084 1267 sumptus
1116 1226 1346 1262 assumere,
1377 1212 1444 1252 vel
1472 1212 1606 1252 cuivis
1637 1217 1755 1253 extra

390 1284 646 1326 Societatem
684 1285 855 1335 donare,
888 1285 955 1325 vel
991 1285 1133 1339 aliqua
1168 1285 1335 1325 stabilia
1370 1285 1485 1325 bona
1515 1285 1756 1336 domorum,

389 1367 463 1400 aut
505 1358 796 1413 Collegiorum
849 1359 1045 1409 alienare,
1086 1359 1152 1399 vel
1201 1359 1475 1414 depravatam
1517 1359 1756 1400 doctrinam

387 1433 557 1474 habere.
620 1433 773 1487 Siquid
803 1447 904 1487 ergo
934 1433 1089 1473 horum
1122 1433 1345 1484 accideret,
1375 1441 1520 1488 potest
1551 1448 1599 1474 ac
1628 1433 1756 1475 debet

390 1508 579 1549 Societas
606 1507 657 1561 (si
689 1508 740 1548 de
771 1522 815 1548 re
849 1506 1207 1548 sufficientissime
1239 1508 1469 1562 constaret)
1496 1523 1595 1549 eum
1617 1508 1755 1550 officio

388 1583 568 1638 privare,
591 1588 647 1634 et,
669 1583 703 1623 si
726 1597 834 1637 opus
857 1590 936 1633 est,
958 1583 982 1622 a
1004 1582 1214 1623 Societate
1236 1597 1466 1634 removere,
1488 1583 1533 1623 in
1555 1583 1755 1624 omnibus

389 1672 479 1712 prae
512 1657 646 1698 oculis
679 1656 877 1697 habendo
914 1656 1030 1710 quod
1067 1656 1120 1696 ad
1156 1656 1359 1710 majorem
1391 1657 1473 1697 Dei
1501 1657 1680 1712 gloriam
1713 1664 1755 1698 et

390 1731 626 1773 universale
648 1731 810 1771 bonum
835 1730 1059 1771 Societatis
1081 1730 1168 1770 fore
1195 1730 1472 1784 judicabitur.

376 1986 437 2012 DE
462 1984 614 2021 MODO,
636 1983 732 2014 QUO
758 1982 1048 2009 PROCEDERE
1075 1982 1250 2020 DEBET,
1274 1983 1502 2011 SOCIETAS
1528 1985 1579 2011 IN
1605 1985 1684 2022 IIS,

434 2059 542 2089 QUAE
567 2058 632 2084 AD
658 2056 980 2084 PRAEPOSITUM
1005 2056 1312 2084 GENERALEM
1339 2058 1634 2086 PERTINENT.

924 2131 1053 2172 CAP.
1084 2132 1138 2173 V.

339 2230 356 2265 1
395 2224 451 2265 ΙΝ
488 2222 637 2278 primis
673 2220 898 2276 Praepositi
933 2220 1231 2271 provinciales,
1265 2236 1373 2275 quos
1408 2221 1630 2264 Generalis
1663 2223 1754 2278 ipse

392 2313 469 2354 per
490 2312 533 2338 se
556 2295 794 2347 constituit,
810 2295 855 2336 in
878 2302 1112 2350 conspectu
1129 2296 1212 2336 Dei
1234 2296 1500 2338 considerare
1514 2303 1558 2338 et
1577 2298 1756 2350 efficere,

393 2371 510 2427 quod
536 2369 764 2412 universali
790 2369 905 2411 bono
935 2369 1158 2410 Societatis
1190 2369 1347 2411 debent
1376 2371 1420 2412 in
1456 2371 1673 2426 praedietis
1703 2371 1757 2413 ad

395 2445 680 2501 Praepositum
704 2443 959 2485 Generalem
990 2443 1319 2498 pertinentibus,
1341 2453 1468 2498 prout
1500 2445 1545 2486 in
1566 2445 1756 2487 Domino

395 2519 619 2570 senserint,
641 2524 882 2560 teneantur.

338 2598 361 2634 2
396 2593 563 2634 Deinde
590 2593 635 2633 in
667 2592 731 2643 iis,
757 2606 852 2646 quae
881 2591 935 2632 ad
963 2599 1162 2646 sumptus
1192 2600 1232 2632 et
1261 2607 1405 2633 curam
1435 2593 1623 2648 corporis
1651 2593 1757 2648 ejus,

395 2672 437 2707 et
458 2680 524 2707 res
547 2666 648 2707 alias
670 2666 813 2707 minus
842 2679 990 2721 graves
1018 2665 1251 2719 pertinent,
1283 2665 1612 2721 congregatione
1646 2680 1755 2721 opus

396 2754 482 2781 non
519 2747 611 2790 θεῖς
655 2739 729 2781 sed
762 2747 811 2781 ut
846 2739 1034 2782 Societas
1068 2739 1179 2781 viros
1214 2747 1397 2794 quatuor
1425 2740 1462 2780 ei
1496 2739 1758 2791 assistentes,
