1987 3374
730 334 850 360 PARS
886 334 1053 360 SEXTA.
1570 325 1619 372 73

304 482 366 510 DE
392 483 470 520 IIS,
494 483 604 512 QUAE
629 484 695 510 AD
721 484 1109 520 PAUPERTATEM,
1135 484 1347 513 QUAEQUE
1374 485 1478 510 EAM

520 557 936 596 CONSEQUUNTUR,
962 558 1260 585 PERTINENT.

777 635 906 676 CAP.
942 636 1002 676 ΙΙ.

188 727 207 763 l
244 723 557 776 PAUPERTAS,
579 734 628 766 ut
650 741 799 766 murus
823 726 1061 781 Religionis
1094 725 1382 776 firmissimus,
1405 725 1622 781 diligenda

241 805 283 838 et
319 797 365 838 in
407 813 484 839 sua
524 799 712 854 puritate
755 801 1049 841 conservanda
1090 809 1181 851 est,
1225 808 1438 853 quantum
1476 800 1621 841 divina

240 873 378 927 gratia
398 874 614 928 aspirante
637 875 729 915 fieri
760 875 934 930 poterit.
995 875 1055 915 Et
1087 875 1188 929 quia
1218 875 1420 915 humanae
1454 883 1618 915 naturae

239 947 377 988 hostis
399 948 453 988 ad
473 949 556 989 hoc
584 949 963 1004 propugnaculum
986 964 1033 989 ac
1055 949 1272 1003 refugium
1304 949 1619 990 debilitandum

242 1021 376 1075 (quod
396 1021 518 1062 Deus
542 1022 760 1063 Dominus
782 1030 929 1063 noster
952 1022 1250 1077 Religionibus
1271 1021 1496 1076 inspiravit
1517 1037 1619 1063 con-

237 1103 303 1136 tra
342 1095 480 1147 illum,
521 1096 715 1151 aliosque
754 1097 982 1152 Religiosae
1020 1097 1297 1152 perfectionis
1335 1097 1614 1150 adversarios)

236 1171 342 1212 eniti
364 1172 472 1213 solet
494 1187 557 1224 ea,
579 1187 674 1227 quae
698 1187 721 1213 a
742 1173 895 1228 primis
920 1172 1245 1213 Fundatoribus
1276 1172 1387 1213 bene
1419 1173 1617 1213 ordinata

235 1247 421 1298 fuerant,
442 1247 671 1288 immutare
694 1263 771 1303 per
797 1248 1122 1298 declarationes,
1143 1248 1212 1288 vel
1233 1261 1365 1288 novas
1390 1247 1616 1288 Constitu-

236 1320 376 1362 tiones
403 1321 544 1376 primo
576 1322 747 1362 illorum
781 1322 952 1377 spiritui
984 1322 1160 1362 minime
1194 1330 1533 1362 consentaneas:
1567 1330 1616 1362 ut

235 1395 353 1448 quod
384 1395 429 1435 in
451 1395 576 1436 nobis
619 1395 750 1436 situm
793 1396 935 1446 fuerit,
976 1397 1057 1436 hac
1104 1404 1225 1450 parte
1270 1395 1474 1436 Societati
1515 1410 1614 1450 pro-

235 1469 468 1524 spiciamus
483 1487 494 1521 ;
535 1470 797 1525 Quicunque
819 1471 863 1510 in
886 1485 935 1511 ea
966 1470 1278 1525 professionem
1311 1470 1546 1521 emiserint,
1569 1485 1612 1511 se

234 1547 289 1587 ad
309 1547 631 1588 innovationem
656 1547 1030 1588 Constitutionum
1062 1547 1107 1587 in
1129 1546 1195 1597 iis,
1218 1561 1314 1601 quae
1346 1547 1400 1587 ad
1423 1547 1613 1601 Pauper-

233 1625 367 1660 tatem
400 1621 633 1675 pertinent,
670 1621 779 1660 nihil
813 1622 1001 1661 facturos
1038 1620 1310 1675 promittant,
1345 1620 1428 1660 nisi
1469 1620 1611 1674 aliquo

231 1695 361 1736 modo
391 1710 470 1750 pro
500 1710 644 1736 rerum
676 1695 995 1735 occurrentium
1027 1695 1191 1735 ratione
1224 1709 1318 1734 eam
1346 1694 1388 1734 in
1419 1695 1610 1735 Domino

231 1769 368 1824 magis
389 1769 735 1824 restringendam
760 1769 1022 1824 judicarent.

173 1849 198 1884 2
233 1844 284 1885 In
308 1844 524 1895 domibus,
554 1844 622 1885 vel
653 1844 858 1895 ecclesiis,
890 1858 986 1898 quae
1019 1858 1043 1884 a
1075 1843 1287 1884 Societate
1319 1843 1373 1884 ad
1403 1843 1608 1883 auxilium

230 1919 470 1960 animarum
493 1919 798 1969 admittuntur,
820 1918 1014 1959 redditus
1046 1918 1168 1968 nulli,
1191 1933 1244 1959 ne
1278 1917 1481 1959 sacristiae
1514 1917 1609 1971 qui-

231 1993 344 2044 dem,
358 2001 433 2033 aut
453 1992 624 2032 fabricae
647 1991 850 2046 applicati
871 1991 1020 2032 haberi
1041 1991 1234 2046 possint:
1269 1992 1345 2032 sed
1366 2005 1507 2045 neque
1521 1990 1609 2030 ulla

230 2066 313 2106 alia
331 2066 497 2107 ratione
517 2065 591 2115 ita,
613 2073 663 2105 ut
684 2079 816 2120 penes
841 2065 1100 2105 Societatem
1132 2079 1281 2105 eorum
1313 2064 1368 2105 sit
1399 2064 1487 2104 ulla
1518 2064 1607 2104 dis-

229 2139 451 2194 pensatio:
496 2139 572 2179 sed
606 2139 651 2178 in
686 2138 775 2179 solo
812 2139 923 2189 Deo,
960 2138 1029 2178 cui
1061 2153 1138 2193 per
1169 2138 1306 2193 ipsius
1340 2137 1522 2192 gratiam
1557 2152 1606 2178 ea

230 2213 421 2264 inservit,
435 2213 593 2254 fiducia
614 2213 930 2261 constituatur3
963 2212 1037 2266 qui
1059 2212 1234 2266 quidem
1257 2212 1347 2253 sine
1361 2211 1602 2252 redditibus

229 2289 328 2330 11]st
350 2289 402 2329 de
422 2288 552 2328 rebus
573 2287 774 2329 omnibus
796 2287 1153 2328 convenientibus
1167 2287 1221 2327 ad
1243 2287 1379 2342 ipsius
1396 2286 1602 2341 majorem

227 2362 401 2403 laudem
422 2370 465 2403 et
485 2361 663 2417 gloriam
686 2361 810 2402 nobis
831 2360 1078 2416 prospiciet.

169 2442 194 2479 3
230 2436 416 2478 Professi
434 2435 581 2477 vivant
602 2451 655 2477 ex
681 2435 978 2490 eleemosynis,
998 2435 1043 2475 in
1066 2434 1282 2475 Domibus
1304 2435 1479 2485 scilicet,
1501 2434 1600 2474 cum

229 2510 370 2565 aliquo
392 2525 481 2551 non
502 2510 760 2550 mittuntur:
803 2523 881 2549 nec
913 2508 1101 2549 officium
1130 2508 1365 2548 Rectorum
1393 2507 1601 2548 ordinari-

228 2601 303 2626 um
331 2585 375 2625 in
410 2584 629 2639 Collegiis,
662 2583 729 2624 vel
760 2582 1127 2624 Universitatibus
1155 2581 1380 2623 Societatis
1412 2582 1599 2623 habeant

231 2661 331 2709 (m'sz‘
359 2661 545 2712 ipsarum
578 2659 816 2709 necessitas,
844 2659 909 2698 vel
937 2658 1091 2698 eximia
1122 2657 1287 2696 utilitas
1319 2657 1366 2696 z’cl
1393 2658 1595 2710 eoeiyeret)

227 2749 307 2775 nec
328 2733 568 2775 redditibus
590 2748 739 2773 eorum
760 2733 804 2772 in
827 2732 1042 2773 Domibus
1064 2737 1256 2771 utantur.

170 2815 196 2850 4
230 2807 528 2863 Coadjutores,
560 2807 753 2861 quandiu
788 2806 833 2847 in
862 2805 1078 2847 Domibus
1115 2812 1255 2855 erunt,
1287 2819 1383 2858 quae
1414 2820 1465 2845 ex
1491 2805 1598 2846 elee-
