1987 3374
704 341 824 368 PARS
860 341 1034 368 PRIMA.
1551 329 1600 365 13

223 455 354 504 bitur,
377 453 676 502 diversentur3
708 459 757 491 ut
778 451 823 490 id
855 448 1062 504 temporis
1095 448 1147 488 de
1179 447 1245 498 iis,
1268 462 1365 502 quae
1387 448 1607 502 pertinent

223 528 278 569 ad
320 527 596 577 Societatem,
643 525 705 566 illi
757 524 957 566 certiores
1007 522 1278 573 reddantur,
1331 530 1373 562 et
1417 522 1608 564 Societas

224 603 400 645 eosdem
421 602 592 657 plenius
615 601 660 642 in
682 600 874 642 Domino
896 607 1046 640 nostro
1069 605 1316 654 cognoscat.

227 678 281 718 In
301 678 414 718 hanc
437 677 630 727 domum,
653 690 750 731 quae
780 675 931 730 primae
955 673 1227 715 Probationis
1250 672 1421 723 dicitur,
1442 671 1609 712 facilius

226 751 399 792 admitti
439 758 639 806 possunt,
681 749 756 804 qui
797 749 842 790 id
884 756 1071 804 optant3
1119 747 1154 788 si
1196 747 1307 787 clare
1351 747 1405 787 ad
1447 746 1532 786 Dei
1569 755 1611 787 et

227 825 408 866 Domini
440 824 577 865 nostri
608 824 760 865 JESU
795 823 960 864 Christi
991 822 1247 876 obsequium
1279 821 1423 862 idonei
1455 821 1500 861 in
1530 821 1611 861 hac

229 900 444 941 Societate
466 913 558 940 esse
580 899 854 948 viderentur3
893 906 934 938 et
966 898 1129 947 contra,
1162 897 1236 951 qui
1267 896 1378 937 clare
1401 911 1488 936 non
1521 910 1612 936 esse

229 974 335 1015 tales
366 980 657 1024 cernerentur,
689 972 868 1014 consilio
905 973 962 1025 (et
994 971 1137 1025 siquid
1164 971 1280 1011 aliud
1303 971 1488 1011 charitas
1513 985 1612 1025 sug-

228 1048 354 1103 gerit)
392 1047 543 1102 adjuti,
585 1055 635 1088 ut
676 1046 777 1087 alibi
819 1047 914 1087 Deo
957 1060 1005 1086 ac
1040 1045 1231 1086 Domino
1275 1053 1423 1086 nostro
1459 1044 1614 1085 servire

231 1132 398 1176 curent,
419 1123 565 1165 statim
589 1123 750 1164 dimitti
770 1131 992 1178 poterunt.

234 1199 367 1242 Quod
395 1199 431 1240 si
461 1213 529 1240 res
559 1213 648 1240 non
680 1205 792 1239 esset
824 1197 1028 1238 Societati
1054 1205 1143 1237 tam
1173 1196 1300 1246 clara,
1329 1196 1458 1250 quam
1491 1210 1616 1250 opor-

231 1282 375 1326 teret3
420 1274 652 1329 postquam
694 1273 768 1328 qui
810 1272 981 1314 admitti
1018 1272 1153 1327 cupit,
1187 1271 1456 1313 voluntatem
1495 1285 1617 1311 suam

231 1349 520 1405 proposuerit,
542 1356 584 1390 et
606 1349 658 1389 de
679 1348 830 1403 primis
859 1347 1182 1403 impedimentis
1214 1347 1416 1388 decenter
1437 1346 1618 1387 interro-

234 1431 361 1479 gatus
382 1423 526 1474 fuerit,
548 1437 762 1464 summam
794 1422 931 1463 nostri
956 1422 1161 1473 instituti,
1183 1421 1547 1477 probationesque
1571 1435 1618 1461 ac

237 1498 527 1549 difficultates,
550 1512 646 1552 quae
668 1497 713 1538 in
736 1511 785 1538 ea
807 1505 924 1548 sunt,
946 1496 1231 1547 intellexe1·it;
1265 1496 1447 1550 quanvis
1480 1496 1619 1536 effica-

237 1572 342 1613 citer
373 1571 612 1613 desiderare
639 1571 834 1612 videatur
858 1571 903 1612 in
935 1571 1194 1612 Societatem
1227 1570 1413 1621 admitti,
1434 1577 1484 1610 ut
1505 1569 1550 1610 in
1573 1584 1621 1610 ea

235 1646 446 1701 perpetuo
479 1645 594 1685 vivat
632 1646 765 1699 (quod
798 1645 973 1699 quidem
1012 1645 1046 1685 si
1081 1645 1264 1694 deesset,
1301 1652 1350 1684 ut
1383 1644 1621 1698 plurimum

236 1735 364 1761 nemo
386 1719 440 1760 ad
458 1719 762 1760 Probationem
780 1719 951 1760 admitti
973 1719 1162 1771 deberet)
1180 1733 1439 1773 responsum
1462 1727 1622 1770 tamen,

238 1809 286 1836 ac
309 1793 558 1835 deliberatio
589 1793 743 1835 ultima
774 1794 1027 1848 aliquandiu
1059 1793 1305 1844 differatur3
1349 1802 1398 1833 ut
1436 1807 1485 1833 eo
1514 1801 1624 1833 tem-

236 1883 341 1924 pore
368 1883 436 1909 res
463 1868 618 1909 melius
652 1868 927 1919 considerari,
957 1876 999 1909 et
1025 1869 1120 1909 Deo
1150 1867 1444 1909 commendari
1471 1867 1624 1922 possit,

240 1958 289 1984 ac
311 1943 535 1998 diligentia
557 1943 817 1984 conveniens
840 1942 1034 1984 adhiberi
1047 1960 1058 1993 3
1092 1951 1140 1983 ut
1162 1942 1300 1997 magis
1323 1950 1624 1996 cognoscatur,

241 2025 284 2059 et
304 2025 354 2058 ut
376 2017 428 2058 de
451 2016 544 2071 ejus
566 2017 810 2058 constantia
831 2017 1073 2072 periculum
1090 2017 1179 2057 fiat.
1234 2016 1461 2058 Quantum
1480 2023 1624 2056 autem

242 2091 402 2133 differri
435 2099 645 2146 oporteat,
682 2099 724 2132 et
758 2106 855 2146 quae
893 2091 1116 2146 diligentia
1147 2091 1202 2131 sit
1234 2090 1492 2141 adhibenda,
1522 2105 1626 2145 pru-

243 2166 365 2207 denti
406 2165 739 2207 considerationi
779 2166 910 2216 illius,
952 2166 1026 2220 qui
1079 2165 1337 2206 admittendi
1374 2165 1625 2206 facultatem

244 2240 376 2282 habet
403 2240 738 2295 relinquendum
771 2248 863 2290 est3
910 2241 985 2295 qui
1017 2255 1188 2296 semper
1219 2241 1336 2295 quod
1364 2241 1460 2281 Deo
1489 2241 1625 2295 magis

205 2354 209 2358 ,
243 2315 412 2371 placere
433 2314 608 2370 poterit,
630 2314 886 2356 intuebitur.

248 2391 486 2445 Postquam
513 2389 559 2431 in
591 2390 784 2431 Domino
821 2397 1050 2440 statuetur,
1085 2390 1202 2444 quod
1239 2390 1293 2430 ad
1324 2390 1626 2431 Probationem

248 2464 435 2519 aliquem
462 2463 633 2505 admitti
669 2451 923 2516 conveniat3
971 2463 1106 2505 solitis
1134 2464 1404 2505 vestimentis
1433 2464 1628 2514 indutus,

249 2546 325 2579 aut
355 2552 435 2593 pro
469 2537 678 2594 cujusque
715 2538 943 2580 devotione
979 2539 1075 2592 (m’sz‘
1117 2539 1234 2579 aliud
1264 2539 1482 2591 Superiori
1518 2539 1629 2579 vide-

251 2612 378 2666 bitur)
402 2612 571 2668 ingredi
600 2613 774 2669 poterit,
796 2621 838 2654 et
869 2613 915 2654 in
945 2612 1154 2669 praedicta
1176 2612 1448 2653 Probationis
1470 2613 1628 2663 Domo,

250 2702 328 2729 seu
354 2687 400 2728 in
430 2687 525 2728 loco
557 2687 612 2728 ad
640 2687 686 2729 id
717 2688 932 2729 destinato
964 2696 1012 2730 ut
1041 2689 1199 2743 hospes
1231 2687 1547 2738 constituetur3
1582 2702 1630 2728 ac

251 2761 475 2817 postridie,
501 2762 718 2816 quomodo
747 2777 796 2804 eo
832 2763 877 2804 in
907 2763 1001 2805 loco
1036 2778 1077 2804 se
1114 2777 1259 2818 gerere
1292 2762 1459 2813 debeat,
1491 2762 1529 2803 ei
1559 2762 1631 2802 de-

254 2836 499 2887 clarabitur,
542 2851 590 2878 ac
632 2837 903 2890 nominatim,
945 2854 997 2880 ne
1040 2837 1185 2889 verbo,
1228 2845 1300 2879 aut
1335 2837 1495 2892 scripto
1537 2838 1631 2888 (nisi
