2004 3294
295 296 348 332 48

326 420 350 454 8

804 300 1157 329 CONSTITUTION
1167 299 1233 326 ΗΜ

385 414 438 454 In
480 412 728 453 universum
769 411 1000 465 loquendo,
1043 409 1209 450 edoceri
1252 423 1323 449 eos
1366 407 1581 457 convenit,
1624 420 1752 460 quem

383 488 561 529 modum
589 496 733 528 tenere
762 494 957 541 oporteat
988 484 1117 539 hujus
1152 483 1377 525 Societatis
1414 482 1643 537 operariOS,
1680 481 1753 535 qui

382 562 426 602 in
462 570 549 602 tam
584 561 710 602 variis
744 559 897 600 mundi
932 558 1195 612 regionibus,
1233 571 1417 611 cumque
1452 564 1538 596 tam
1574 555 1752 596 diversis

383 636 608 676 hominum
631 633 861 688 generibus
884 632 1041 672 versari
1063 631 1237 681 debent,
1260 630 1567 670 antevertendo
1589 630 1753 670 incom-

385 710 525 759 moda,
560 723 655 762 quae
689 715 874 762 possunt
915 705 1132 755 aecidere3
1179 712 1221 744 et
1262 706 1547 754 emolumenta,
1581 717 1667 756 quoe
1700 705 1756 744 acl

383 783 517 835 majus
537 782 619 822 Dei
641 781 858 822 servitium
881 780 1118 833 conferunt,
1151 779 1372 831 captando,
1404 777 1590 818 omnibus
1620 778 1754 818 ratio-

383 857 502 898 nibus
533 856 747 907 adhibitis,
779 868 866 908 qzioe
892 858 1073 907 possunt
1105 853 1308 893 adhiberi.
1371 852 1429 892 Et
1462 851 1645 906 quanvis
1672 851 1754 892 hoe

386 931 475 972 sola
504 932 645 972 unctio
676 930 813 970 sancti
849 929 1050 981 Spiritus,
1073 932 1113 968 et
1145 941 1193 968 ea
1221 927 1465 980 prudentia,
1497 940 1620 978 quam
1647 939 1755 966 com-

384 1007 596 1046 municare
616 1005 721 1045 solet
743 1004 949 1044 Dominus
970 1002 1067 1053 illis,
1090 1001 1164 1056 qui
1192 1002 1236 1041 in
1259 1001 1403 1041 divina
1425 1015 1503 1041 sua
1524 999 1754 1054 Majestate

385 1079 626 1129 confidunt,
649 1078 799 1118 docere
822 1076 984 1132 possit3
1016 1078 1084 1117 via
1117 1078 1227 1117 certe
1258 1077 1396 1128 aliquo
1429 1076 1545 1115 modo
1578 1074 1756 1128 quibus-

387 1154 485 1194 dam
522 1152 808 1202 documentis,
851 1166 947 1206 quae
985 1150 1154 1205 juvent,
1191 1159 1231 1191 et
1275 1150 1328 1191 ad
1364 1150 1563 1191 effectum
1601 1149 1755 1190 divinae

386 1227 534 1283 gratiae
557 1227 805 1282 disponant,
828 1226 987 1278 aperiri
1012 1229 1169 1277 potest.

350 1431 412 1457 DE
438 1428 782 1466 SCHOLASTICIS
808 1429 838 1455 A
864 1427 1039 1455 STUDIO
1065 1427 1391 1454 LITTERARUM
1417 1425 1713 1454 EDUCENDIS.

334 1588 352 1623 1

334 1959 357 1994 [0

909 1496 1039 1537 CAP.
1074 1496 1155 1536 IX.

389 1582 461 1623 Ex
492 1580 695 1636 Collegiis
726 1580 925 1621 nonnulli
950 1587 1126 1634 propter
1162 1593 1312 1619 causas
1340 1579 1382 1618 in
1414 1577 1603 1618 secunda
1633 1577 1757 1617 Parte

390 1657 540 1708 dietas,
566 1663 609 1697 et
642 1656 770 1696 modo
806 1655 914 1695 inibi
951 1654 1161 1709 explicato
1191 1654 1462 1703 cducuntur;
1494 1660 1543 1692 ut
1571 1651 1655 1702 alii,
1683 1651 1757 1706 qui

390 1732 444 1772 ad
486 1730 681 1771 divinum
734 1729 954 1770 servitium
996 1728 1132 1783 magis
1174 1727 1416 1783 proficiant,
1458 1726 1619 1767 eisdem
1661 1741 1758 1767 sue-

392 1805 560 1846 cedant.
622 1804 787 1845 Eadem
822 1803 1033 1857 siquidem
1067 1802 1111 1843 in
1152 1803 1232 1843 hac
1273 1809 1395 1857 parte
1438 1801 1679 1852 domorum,
1715 1808 1757 1842 et

392 1878 684 1933 Collegiorum
706 1885 771 1918 est
792 1877 913 1918 ratio.

390 1953 536 2008 Aliqui
559 1953 687 1994 etiam
702 1952 931 2006 aliquando
953 1952 1205 2002 educentur,
1219 1951 1336 2006 quod
1357 1950 1462 2005 ipsis
1484 1951 1539 1991 ad
1553 1950 1758 2005 majorem

391 2028 435 2068 in
470 2027 624 2083 spiritu
659 2026 726 2067 vel
758 2026 803 2066 in
838 2025 992 2066 litteris
1026 2025 1266 2081 profectum
1309 2024 1390 2065 alio
1427 2023 1661 2075 transferri,
1692 2023 1759 2064 vel

393 2101 508 2156 quod
550 2101 604 2141 ad
644 2100 882 2141 universale
924 2100 1088 2140 bonum
1132 2098 1357 2141 Societatis
1409 2098 1660 2149 conveniat3
1711 2106 1759 2138 ut

392 2174 616 2225 accideret,
642 2174 691 2225 si,
720 2173 793 2228 qui
820 2173 993 2213 Artium
1026 2173 1285 2213 curriculum
1322 2173 1366 2212 in
1395 2167 1537 2226 aliquo
1567 2171 1759 2226 Collegio

394 2263 594 2289 emensus
608 2255 735 2298 esset,
753 2254 801 2287 ut
817 2247 987 2287 easdem
1005 2246 1104 2287 alibi
1126 2247 1377 2301 praelegeret
1399 2253 1497 2287 ante
1513 2245 1758 2300 Theologiae

395 2322 587 2363 studium
610 2322 876 2362 educeretur.
938 2321 996 2360 Et
1018 2320 1130 2360 idem
1162 2320 1326 2360 dietum
1359 2320 1428 2371 sit,
1459 2320 1494 2361 si
1526 2333 1611 2374 qua
1640 2319 1685 2360 in
1716 2333 1759 2360 re

395 2397 476 2438 alia
503 2397 558 2438 ad
593 2397 731 2451 majus
769 2396 852 2436 Dei
889 2395 1144 2449 obsequium
1181 2403 1223 2435 et
1257 2395 1435 2449 gloriam
1462 2402 1606 2436 essent
1634 2408 1760 2436 occu-

396 2470 540 2526 pandi.

399 2543 654 2586 Communis
677 2551 821 2585 autem
849 2543 1003 2583 modus
1036 2542 1246 2583 educendi
1270 2542 1557 2584 scholasticos
1589 2557 1640 2584 ex
1663 2541 1762 2583 Col-

398 2617 508 2672 legio
545 2617 700 2671 aliquo,
733 2617 808 2658 ubi
845 2632 992 2658 omnes
1030 2617 1245 2671 praedictae
1283 2617 1483 2658 Scientiae
1520 2616 1762 2665 traduntur,

400 2702 503 2735 tunc
526 2693 630 2744 erit3
662 2694 759 2734 cum
787 2694 967 2749 quisque
997 2693 1139 2733 studia
1171 2707 1247 2733 sua
1270 2692 1363 2748 jam
1394 2691 1636 2742 absolverit,
1667 2705 1763 2745 per-

399 2775 493 2809 acto
510 2767 681 2809 Artium
704 2768 929 2819 curriculo,
947 2775 989 2808 et
1011 2775 1193 2821 quatuor
1216 2767 1338 2808 annis
1351 2766 1597 2821 Theologiae
1621 2764 1763 2807 studio
