2004 3294
338 275 415 311 116
837 281 1269 313 coNsTITUTIONcM
1326 295 1329 297 ·

419 394 532 435 idem
555 394 756 448 suffragia
775 395 1034 449 promulget,
1057 409 1166 448 quae,
1189 402 1237 434 ut
1260 394 1486 444 sufficiant,
1510 394 1615 434 duas
1639 394 1784 435 tertias

420 475 563 523 partes
585 468 793 508 excedant
814 474 1007 522 oportet,
1039 476 1081 508 et
1103 476 1206 508 tune
1235 482 1283 508 eo
1316 468 1525 522 deposito,
1557 467 1701 508 statim
1734 467 1785 508 de

422 541 502 581 alio
532 541 728 595 eligendo
757 548 935 595 agatur:
984 549 1040 591 et,
1070 541 1104 581 si
1132 541 1223 580 fieri
1248 549 1405 595 potest,
1430 556 1517 581 non
1545 541 1664 596 prius
1686 541 1785 581 inde

419 614 706 668 egrediantur,
738 614 866 668 quam
900 613 1088 654 Societas
1113 614 1368 654 Generalem
1393 614 1678 669 Praepositum
1709 615 1785 654 ha-

419 688 545 727 beat:
584 694 625 727 et
648 686 683 726 si
705 701 753 727 eo
783 686 850 726 die
881 701 948 727 res
976 686 1156 741 transigi
1183 701 1271 727 non
1296 687 1469 741 poterit,
1496 687 1542 727 in
1574 687 1785 741 sequenti,

419 762 486 802 vel
517 776 646 816 quam
678 761 997 816 expeditissime
1028 761 1120 802 fieri
1150 761 1322 816 poterit,
1344 762 1709 816 quemadmodum
1739 762 1785 802 in

420 843 568 876 octava
588 843 709 890 parte
732 836 896 876 dictum
918 843 997 887 est,
1019 835 1294 890 transigatur.

360 916 383 950 5
420 910 465 951 Si
487 911 679 951 defectus
707 910 962 965 deprehensi
987 925 1074 950 non
1103 910 1261 951 fuerint
1287 910 1511 965 ejusmodi,
1539 917 1587 950 ut
1613 909 1785 964 privan-

419 983 498 1023 dus
521 982 659 1024 officio
683 998 774 1034 suo,
797 983 872 1023 sed
901 990 1069 1023 tantum
1102 983 1379 1037 corrigendus
1405 983 1647 1032 videretur3
1679 996 1784 1036 qua-

417 1064 515 1097 tuor
536 1056 761 1111 eligantur,
784 1056 940 1110 quibus
962 1071 1064 1096 cura
1084 1056 1336 1110 injungatur
1367 1055 1664 1096 considerandi
1687 1070 1783 1109 quae

418 1129 622 1170 correctio
646 1129 683 1169 ei
705 1129 954 1170 conveniat:
993 1137 1035 1169 et
1058 1129 1092 1169 si
1115 1144 1201 1169 non
1233 1129 1346 1169 idem
1379 1143 1527 1169 omnes
1559 1128 1783 1180 sentirent,

416 1203 592 1257 paribus
625 1202 836 1257 suffragiis
873 1202 1172 1253 existentibus,
1204 1202 1380 1256 quintus
1413 1202 1686 1257 adjungatur,
1717 1202 1784 1244 vel

416 1283 502 1316 tres
524 1276 594 1315 alii
611 1293 622 1326 3
654 1283 716 1326 ut,
739 1275 844 1329 quid
864 1275 908 1315 in
932 1275 1121 1316 Domino
1143 1276 1383 1326 conveniat,
1405 1275 1685 1316 constituant.

358 1354 383 1390 6
417 1349 463 1390 Si
484 1349 692 1389 accideret
716 1349 1001 1404 Praepositum
1027 1348 1282 1389 Generalem
1304 1349 1359 1389 ad
1381 1348 1606 1390 Societatis
1627 1348 1784 1403 guber-

415 1423 633 1464 nationem
655 1437 746 1463 esse
768 1422 979 1474 inutilem,
1001 1438 1045 1463 re
1067 1423 1223 1478 partim
1247 1437 1389 1463 coram
1410 1437 1474 1473 eo,
1497 1430 1539 1463 et
1559 1422 1716 1477 partim
1737 1423 1782 1463 in

415 1497 507 1552 ejus
536 1497 729 1537 absentia
757 1496 930 1551 agitata,
962 1496 1225 1551 dispiciatur,
1256 1511 1310 1537 an
1339 1496 1437 1552 eligi
1465 1496 1684 1537 Vicarium
1709 1497 1783 1538 ab·

415 1571 556 1611 soluta
588 1586 688 1611 cum
724 1578 952 1625 potestate,
986 1571 1166 1624 quanvis
1209 1570 1299 1611 sine
1341 1570 1514 1611 nomine
1557 1570 1782 1626 Praepositi

418 1644 640 1685 Generalis
671 1644 877 1697 (quandiu
912 1643 1065 1684 vixerit
1101 1644 1174 1697 qui
1202 1652 1306 1684 tunc
1338 1645 1441 1696 erat)
1477 1649 1694 1698 oporteat:
1738 1652 1780 1684 et

415 1717 472 1768 id,
495 1717 529 1757 si
551 1717 761 1771 pluribus,
784 1732 911 1770 quam
944 1717 1130 1757 dimidiae
1160 1717 1272 1771 parti
1304 1717 1617 1771 suffragiorum,
1638 1717 1779 1757 visum

413 1790 556 1841 fuerit,
590 1790 649 1830 sie
686 1790 900 1844 agendum
935 1790 1026 1831 erit.
1090 1790 1134 1830 Si
1167 1790 1211 1830 id
1244 1790 1531 1831 necessarium
1564 1791 1652 1831 fore
1689 1805 1777 1832 non

406 1863 665 1918 judicarent,
687 1864 920 1904 videndum
943 1863 1036 1914 erit,
1059 1879 1112 1903 an
1134 1872 1289 1918 praeter
1310 1864 1527 1904 ministros
1549 1864 1657 1915 illos,
1672 1879 1778 1919 quo—

413 1952 508 1978 rum
539 1952 668 1992 opera
697 1936 919 1977 Generalis
950 1936 1165 1987 utebatur,
1199 1936 1389 1977 Societas
1421 1937 1523 1977 alios
1555 1937 1777 1991 providere

413 2010 580 2061 debeat,
602 2018 665 2060 ut,
687 2010 908 2051 sublevato
929 2010 1066 2064 magis
1089 2025 1137 2051 eo
1161 2015 1203 2050 et
1224 2010 1386 2065 adjuto,
1408 2025 1495 2051 non
1518 2010 1778 2052 desiderare-

412 2092 496 2135 tur,
524 2084 640 2138 quod
671 2084 724 2124 ad
754 2083 1108 2138 gubernationem
1141 2084 1365 2125 Societatis
1396 2084 1657 2126 conveniret.
1717 2085 1777 2126 Et

411 2173 460 2198 ea
492 2158 536 2198 in
572 2173 616 2198 re
651 2158 771 2212 sequi
804 2158 1018 2212 oportebit
1051 2158 1168 2211 quod
1203 2158 1315 2213 plus,
1344 2171 1477 2212 quam*
1506 2158 1647 2198 media
1673 2173 1773 2214 pars

413 2247 575 2283 eorum,
604 2232 678 2286 qui
712 2231 959 2286 congregati
997 2237 1112 2283 sunt,
1146 2233 1357 2273 statuerit.
1419 2232 1464 2273 Si
1495 2240 1691 2287 ageretur
1723 2233 1774 2274 de

411 2305 635 2360 dignitate,
657 2320 786 2360 quam
807 2310 857 2345 ut
877 2305 1111 2360 plurimum
1142 2306 1233 2360 pati
1264 2321 1351 2347 non
1382 2314 1527 2361 potest
1550 2306 1774 2362 Praepositi

411 2380 624 2432 officium,
657 2380 691 2421 si
713 2395 799 2421 non
822 2379 1076 2435 compulerit
1099 2379 1194 2420 talis
1217 2380 1458 2421 obedientia
1481 2380 1638 2422 summi
1661 2381 1774 2423 Pon-

410 2455 552 2506 tifieis,
574 2470 670 2509 quae
693 2455 747 2495 ad
766 2462 992 2510 peceatum
1014 2453 1200 2509 obligare
1223 2463 1393 2509 posset3
1430 2470 1497 2496 res
1528 2455 1572 2496 in
1604 2455 1775 2496 consul-

410 2528 617 2569 tationem
641 2543 693 2569 ne
716 2529 980 2569 adducatur:
1014 2528 1090 2568 sed
1110 2528 1154 2568 id
1173 2528 1349 2569 omnino
1371 2536 1577 2584 tanquam
1609 2536 1772 2570 certum

411 2602 660 2654 tenendum,
693 2617 770 2643 nec
803 2601 969 2652 debere,
991 2616 1069 2642 nec
1101 2616 1226 2656 posse
1258 2617 1515 2644 consensum
1544 2603 1598 2644 ad
1623 2602 1772 2657 hujus-

409 2675 524 2715 modi
547 2675 799 2730 dignitatem
822 2675 1131 2717 admittendam
1153 2676 1361 2730 praestari.
