2004 3294
310 289 389 325 122
813 298 1245 327 coNs‘rrrurloNUM

394 416 436 450 et
457 409 731 465 paucioribus
752 424 830 465 pro
861 410 1130 461 necessitate,
1152 425 1200 451 ac
1232 417 1453 453 momento
1484 425 1627 452 rerum
1658 412 1765 468 ipsis

392 485 720 527 commissarum
742 485 955 527 sublevari
984 485 1158 537 debent,
1180 500 1228 527 ac
1258 486 1476 541 praecipue
1508 487 1562 527 ad
1593 487 1765 528 consili-

390 575 465 602 um
490 561 670 616 aliquos,
704 575 803 601 cum
837 561 994 614 quibus
1025 575 1092 601 res
1123 560 1352 615 gravioreS,
1384 575 1481 615 quae
1513 569 1761 613 occurrunt,

395 636 717 677 communicent
743 634 940 689 (quanvis
962 634 1022 675 eis
1044 634 1201 675 auditis
1229 649 1362 690 penes
1394 636 1567 677 eosdem
1600 636 1655 677 sit
1677 644 1763 677 sta-

393 710 543 751 tuendi
564 710 760 762 facultas)
787 709 1034 764 designatos
1055 708 1257 750 habeant.

659 1202 1059 1261 DECIMA
1123 1201 1399 1273 PARS3

345 1355 395 1395 de
415 1355 548 1407 modo,
571 1368 648 1408 quo
671 1354 924 1405 conservari,
946 1358 987 1394 et
1008 1354 1155 1407 anyerz'
1177 1356 1310 1394 totum
1330 1366 1479 1407 corpus
1502 1353 1728 1394 Societatis

751 1430 796 1469 in
815 1443 889 1470 suo
913 1428 1013 1470 bono
1030 1432 1145 1469 statu
1167 1429 1321 1481 possit.

333 1685 352 1721 1
518 1680 630 1722 UIA
666 1681 871 1731 Societas,
904 1693 992 1733 quoe
1035 1680 1182 1720 mediis
1226 1680 1418 1720 humanis
1447 1680 1646 1719 instituta
1682 1692 1762 1719 non

518 1761 593 1807 est,
615 1771 692 1812 per
713 1770 762 1797 ea
781 1770 861 1796 nec
883 1754 1124 1796 conservari
1145 1768 1224 1795 nec
1246 1753 1391 1809 augeri
1412 1761 1570 1809 potest,
1589 1753 1664 1794 sed
1685 1769 1762 1809 per

523 1831 703 1885 gratiam
735 1829 1044 1885 omnipotentis
1082 1828 1165 1870 Dei
1198 1843 1245 1869 ac
1277 1827 1456 1869 Domini
1488 1827 1625 1870 nostri
1652 1828 1762 1869 Jesu

392 1904 582 1956 Christi3
613 1905 658 1945 in
680 1919 729 1945 eo
752 1904 842 1946 solo
865 1918 986 1959 spem
1009 1903 1215 1944 constitui
1236 1910 1420 1958 oportet,
1443 1903 1559 1957 quod
1590 1917 1763 1944 conser-

386 1987 565 2021 vaturus
587 1979 657 2031 sit,
678 1986 721 2020 et
741 1986 1019 2034 promoturus
1041 1979 1123 2019 hoc
1145 1993 1269 2033 opus,
1292 1978 1409 2032 quod
1430 1978 1485 2018 ad
1506 1977 1760 2033 obsequium

387 2061 430 2095 et
461 2054 634 2095 laudem
669 2068 805 2105 suam,
840 2061 883 2094 et
917 2052 1123 2094 auxilium
1157 2052 1397 2093 animarum
1433 2052 1636 2093 inchoare
1668 2052 1762 2108 dig-

387 2136 516 2169 natus
544 2133 623 2170 est.
683 2128 742 2169 Et
786 2127 913 2182 juxta
950 2141 1072 2182 spem
1112 2127 1225 2167 hanc
1266 2127 1467 2182 primum¹
1491 2126 1683 2168 medium
1717 2135 1761 2168 et

388 2203 573 2244 maxime
605 2210 944 2244 consentaneum
975 2201 1218 2243 orationum
1251 2209 1294 2242 et
1326 2200 1632 2242 sacrificiorum
1666 2201 1759 2252 erit,

387 2293 483 2334 quae
504 2279 584 2319 hac
606 2292 706 2319 cum
733 2277 972 2319 intentione
1004 2283 1152 2318 sancta
1183 2276 1337 2328 offerri,
1370 2285 1412 2318 et
1443 2275 1624 2332 singulis
1654 2275 1758 2317 heb-

387 2352 596 2404 domadis,
617 2351 854 2403 mensibus,
876 2359 919 2392 et
948 2350 1071 2392 annis
1102 2350 1147 2391 in
1180 2350 1381 2391 omnibus
1403 2350 1522 2402 locis,
1543 2350 1619 2391 ubi
1642 2350 1759 2392 Soci-

387 2436 477 2469 etas
498 2427 671 2479 residet,
693 2434 809 2468 certa
830 2425 1096 2468 ordinatione
1118 2425 1287 2466 institui
1310 2425 1482 2466 debent.

330 2508 354 2543 [Q

387 2504 458 2544 Ad
479 2502 847 2545 conservationem
869 2509 912 2542 et
932 2500 1247 2541 incrementum
1269 2515 1357 2541 non
1390 2499 1529 2541 solum
1555 2498 1759 2555 corporiS,

388 2579 432 2619 id
469 2586 533 2619 est
575 2593 738 2630 eorum,
779 2591 877 2632 quae
919 2583 1095 2616 externa
1136 2582 1252 2626 sunt,
1295 2575 1370 2617 sed
1410 2575 1540 2617 etiam
1583 2573 1758 2629 spiritus

390 2652 615 2693 Societatis
645 2657 772 2706 atque
803 2651 858 2692 ad
886 2650 1200 2691 assecutionem
1228 2649 1342 2701 finis,
1374 2663 1503 2704 quem
1536 2647 1617 2689 sibi
1649 2661 1759 2702 prae—

386 2726 495 2780 figit,
527 2726 671 2767 auxilii
709 2726 962 2776 animarum,
999 2724 1053 2765 ad
1082 2725 1284 2765 ultimum
1313 2731 1356 2765 et
1388 2721 1757 2779 supernaturalem

387 2816 513 2842 suum
547 2802 678 2842 finem
713 2800 1065 2856 consequendum
1102 2800 1243 2841 media
1278 2799 1363 2850 illa,
1395 2812 1491 2853 quae
1528 2812 1627 2838 cum
1661 2797 1756 2838 Deo
