2004 3294
372 1664 395 1698 [Ο

855 316 1287 344 CONSTITUTIONUM

442 424 681 465 studiorum
704 426 844 467 favore
867 441 959 478 suo,
988 427 1226 481 praesertim
1259 442 1356 467 cum
1390 442 1412 467 a
1437 428 1616 467 Rectore
1648 428 1806 469 fuerint

441 499 766 551 commendatae,
788 515 1052 554 promovere.

1025 615 1140 622 --—--

459 692 520 719 DE
545 692 799 730 SCIENTIIS,
824 693 932 722 QUAE
956 693 1236 720 TRADENDAE
1261 693 1384 721 SUNT
1409 694 1460 721 IN
1487 695 1697 722 UNIVER-

792 766 1047 794 SITATIBUS
1073 766 1369 796 soclETATIS.

941 834 1072 876 CAP.
1103 835 1213 876 XII.

436 915 547 957 CUM
573 916 798 958 Societatis
820 922 947 971 atque
971 918 1212 959 studiorum
1240 932 1396 973 scopus
1419 918 1488 967 sit,
1509 917 1726 972 proximos
1749 918 1803 958 ad

434 990 725 1046 cognitionem
761 999 803 1033 et
844 1006 1032 1033 amorem
1066 992 1164 1043 Dei,
1201 998 1243 1033 et
1279 993 1460 1033 salutem
1503 1007 1677 1032 suarum
1711 993 1802 1033 ani-

433 1079 599 1105 marum
624 1065 804 1120 juvare3
835 1081 1019 1121 cumque
1041 1066 1095 1107 ad
1116 1081 1215 1107 eum
1237 1066 1367 1107 finem
1399 1066 1588 1107 medium
1617 1066 1801 1106 maxime

432 1139 654 1194 proprium
689 1140 744 1180 sit
779 1140 959 1181 facultas
995 1140 1266 1194 Theologiae:
1312 1140 1357 1180 in
1386 1140 1497 1180 hanc
1525 1139 1799 1195 potissimum

433 1213 658 1255 Societatis
696 1214 1008 1256 Universitates
1043 1214 1324 1265 incumbent3
1372 1229 1420 1254 ac
1462 1214 1689 1269 diligenter
1723 1228 1801 1268 per

430 1289 608 1331 idoneos
644 1290 877 1331 admodum
916 1291 1219 1345 Praeceptores,
1261 1305 1357 1344 quae
1399 1290 1453 1330 ad
1487 1290 1799 1331 Scholasticam

431 1363 685 1414 doctrinam,
713 1371 756 1404 et
787 1377 927 1404 sacras
959 1363 1202 1418 Scripturas
1233 1363 1467 1418 pertinent,
1504 1377 1552 1403 ac
1588 1363 1717 1404 etiam
1748 1378 1799 1404 ex

433 1438 621 1479 Positiva
642 1429 739 1492 quae
761 1438 815 1478 ad
835 1438 952 1479 hunc
973 1438 1105 1479 finem
1126 1437 1251 1479 nobis
1279 1438 1506 1493 praefixum
1537 1437 1799 1479 conveniunt

431 1513 534 1565 (non
557 1512 810 1567 attingendo
841 1519 986 1552 tamen
1017 1526 1111 1552 eam
1132 1516 1299 1566 partem
1323 1511 1567 1563 Canonum,
1589 1526 1685 1566 quae
1705 1511 1797 1552 foro

428 1586 697 1626 contentioso
719 1585 910 1639 inservit)
936 1585 1277 1640 pertractabunt.

428 1660 487 1700 Et
509 1659 608 1714 quia
629 1667 717 1700 tam
740 1659 937 1700 doctrina
957 1659 1217 1714 Theologiae,
1247 1659 1375 1713 quam
1406 1658 1498 1713 ejus
1528 1673 1633 1699 usus
1664 1658 1796 1714 exigit

431 1733 513 1786 (his
544 1733 783 1788 praesertim
813 1732 1097 1788 temporibus)
1132 1733 1370 1773 litterarum
1401 1732 1721 1784 humaniorum,
1753 1741 1794 1773 et

426 1809 595 1849 Latinae
632 1823 680 1849 ac
719 1809 898 1859 Graecae,
941 1815 982 1849 et
1020 1807 1246 1848 Hebraicae
1280 1807 1440 1862 linguae
1477 1807 1792 1862 cognitionem:

425 1883 579 1923 harum
601 1883 729 1923 etiam
752 1882 894 1924 idonei
918 1882 1183 1923 Professores
1205 1890 1247 1923 et
1270 1882 1444 1937 quidem
1467 1882 1589 1937 justo
1614 1897 1793 1923 numero

426 1957 758 1998 constituentur.
818 1956 1013 1997 Aliarum
1044 1964 1251 2010 praeterea
1280 1955 1541 2010 linguarum,
1562 1956 1700 2010 qualis
1728 1965 1791 1997 est

425 2030 639 2081 Caldaica,
670 2030 867 2081 Arabica,
898 2038 940 2071 et
970 2030 1134 2080 Indica,
1171 2029 1247 2070 ubi
1287 2029 1538 2070 necessariae
1568 2030 1636 2071 vel
1665 2030 1792 2071 utiles

423 2105 477 2145 ad
519 2105 683 2145 dictum
724 2105 856 2145 finem
897 2104 1158 2155 viderentur,
1203 2103 1350 2144 habita
1388 2103 1614 2159 regionum
1655 2105 1792 2145 diver-

425 2193 584 2229 sarum,
619 2184 661 2219 et
703 2192 943 2228 causarum,
985 2192 1082 2231 quae
1116 2178 1170 2218 ad
1206 2192 1276 2218 eas
1318 2177 1561 2219 docendum
1602 2187 1790 2229 movent,

423 2252 601 2303 ratione,
622 2260 796 2307 possent
825 2252 1115 2306 Praeceptores
1138 2251 1356 2292 constitui.

424 2327 494 2368 Sic
517 2326 644 2368 etiam
673 2326 876 2381 quoniam
899 2326 1040 2376 Artes,
1062 2326 1129 2366 vel
1152 2325 1350 2366 Scientiae
1378 2326 1593 2367 naturales
1617 2325 1790 2381 ingenia

422 2401 660 2456 disponunt
683 2401 736 2441 ad
756 2399 1050 2454 Theologium,
1076 2408 1117 2440 et
1149 2399 1203 2439 ad
1233 2400 1466 2454 perfectam
1499 2399 1788 2455 cognitionem

422 2485 463 2518 et
486 2491 612 2517 usum
635 2476 748 2516 illius
770 2475 1022 2525 inserviunt,
1037 2482 1077 2514 ct
1099 2489 1176 2529 per
1198 2475 1358 2530 seipsas
1380 2476 1434 2516 ad
1455 2475 1639 2516 eundem
1657 2475 1786 2516 finem

415 2552 604 2607 juvant3
650 2566 735 2606 qua
771 2549 991 2605 diligentia
1027 2564 1103 2604 par
1139 2558 1217 2601 est,
1252 2558 1293 2591 ct
1329 2566 1406 2605 per
1446 2551 1636 2592 eruditos
1673 2550 1787 2591 Prae-

422 2634 629 2680 ceptol·CS,
663 2625 708 2666 in
741 2624 941 2666 omnibus
979 2638 1154 2679 syncere
1186 2624 1392 2666 honorem
1423 2633 1466 2666 et
1496 2624 1673 2679 gloriam
1704 2623 1785 2670 Dei

421 2700 665 2753 quaerendo,
687 2707 937 2743 tractentur.
