<?xml version="1.0" encoding="UTF-8"?>
<!DOCTYPE html PUBLIC "-//W3C//DTD XHTML 1.0 Transitional//EN"
    "http://www.w3.org/TR/xhtml1/DTD/xhtml1-transitional.dtd">
<html xmlns="http://www.w3.org/1999/xhtml" xml:lang="en" lang="en">
 <head>
  <title>
</title>
<meta http-equiv="Content-Type" content="text/html;charset=utf-8" />
  <meta name='ocr-system' content='tesseract 3.04.00' />
  <meta name='ocr-capabilities' content='ocr_page ocr_carea ocr_par ocr_line ocrx_word'/>
</head>
<body>
  <div class='ocr_page' id='page_1' title='image "./constitutionesso00jesuuoft_0119.png"; bbox 0 0 1987 3374; ppageno 0'>
   <div class='ocr_carea' id='block_1_1' title="bbox 731 311 1610 359">
    <p class='ocr_par' dir='ltr' id='par_1_1' title="bbox 731 311 1610 359">
     <span class='ocr_line' id='line_1_1' title="bbox 731 311 1610 359; baseline 0.001 -10"><span class='ocrx_word' id='word_1_1' title='bbox 731 323 852 349; x_wconf 72' lang='lat' dir='ltr'><strong>PARs</strong></span> <span class='ocrx_word' id='word_1_2' title='bbox 887 321 1038 350; x_wconf 86' lang='lat' dir='ltr'>NONA.</span> <span class='ocrx_word' id='word_1_3' title='bbox 1530 311 1610 359; x_wconf 88' lang='lat'><strong>107</strong></span> 
     </span>
    </p>
   </div>
   <div class='ocr_carea' id='block_1_2' title="bbox 153 433 1615 2121">
    <p class='ocr_par' dir='ltr' id='par_1_2' title="bbox 236 433 1612 635">
     <span class='ocr_line' id='line_1_2' title="bbox 241 433 1612 488; baseline 0 -13"><span class='ocrx_word' id='word_1_4' title='bbox 241 434 296 475; x_wconf 87' lang='lat' dir='ltr'><strong>ad</strong></span> <span class='ocrx_word' id='word_1_5' title='bbox 316 433 487 474; x_wconf 86' lang='lat' dir='ltr'><strong>easdem</strong></span> <span class='ocrx_word' id='word_1_6' title='bbox 509 433 564 474; x_wconf 89' lang='lat' dir='ltr'><strong>ad</strong></span> <span class='ocrx_word' id='word_1_7' title='bbox 584 433 716 474; x_wconf 88' lang='lat' dir='ltr'><strong>finem</strong></span> <span class='ocrx_word' id='word_1_8' title='bbox 738 440 780 474; x_wconf 90' lang='lat' dir='ltr'><strong>et</strong></span> <span class='ocrx_word' id='word_1_9' title='bbox 808 433 1114 488; x_wconf 86' lang='lat' dir='ltr'><strong>perfectionem</strong></span> <span class='ocrx_word' id='word_1_10' title='bbox 1140 446 1261 474; x_wconf 87' lang='lat' dir='ltr'><strong>suam</strong></span> <span class='ocrx_word' id='word_1_11' title='bbox 1287 433 1612 488; x_wconf 87' lang='lat' dir='ltr'><strong>perducendas3</strong></span> 
     </span>
     <span class='ocr_line' id='line_1_3' title="bbox 237 506 1611 563; baseline 0 -15"><span class='ocrx_word' id='word_1_12' title='bbox 237 515 287 548; x_wconf 91' lang='lat' dir='ltr'><strong>ut</strong></span> <span class='ocrx_word' id='word_1_13' title='bbox 307 521 386 548; x_wconf 89' lang='lat' dir='ltr'><strong>nec</strong></span> <span class='ocrx_word' id='word_1_14' title='bbox 407 506 586 558; x_wconf 87' lang='lat' dir='ltr'><strong>incuria,</strong></span> <span class='ocrx_word' id='word_1_15' title='bbox 608 521 687 548; x_wconf 89' lang='lat' dir='ltr'><strong>nec</strong></span> <span class='ocrx_word' id='word_1_16' title='bbox 708 507 958 548; x_wconf 82' lang='lat' dir='ltr'>remissione</span> <span class='ocrx_word' id='word_1_17' title='bbox 981 506 1113 548; x_wconf 87' lang='lat' dir='ltr'><strong>animi</strong></span> <span class='ocrx_word' id='word_1_18' title='bbox 1143 507 1357 548; x_wconf 88' lang='lat' dir='ltr'><strong>inchoatae</strong></span> <span class='ocrx_word' id='word_1_19' title='bbox 1388 515 1431 548; x_wconf 89' lang='lat' dir='ltr'><strong>et</strong></span> <span class='ocrx_word' id='word_1_20' title='bbox 1452 507 1611 563; x_wconf 89' lang='lat' dir='ltr'><strong>imper-</strong></span> 
     </span>
     <span class='ocr_line' id='line_1_4' title="bbox 236 580 695 635; baseline 0.002 -14"><span class='ocrx_word' id='word_1_21' title='bbox 236 581 360 622; x_wconf 86' lang='lat' dir='ltr'><strong>fectae</strong></span> <span class='ocrx_word' id='word_1_22' title='bbox 381 580 695 635; x_wconf 85' lang='lat' dir='ltr'>relinquantur.</span> 
     </span>
    </p>

    <p class='ocr_par' dir='ltr' id='par_1_3' title="bbox 181 654 1611 1007">
     <span class='ocr_line' id='line_1_5' title="bbox 181 654 1610 711; baseline 0 -15"><span class='ocrx_word' id='word_1_23' title='bbox 181 659 206 696; x_wconf 90' lang='lat'>8</span> <span class='ocrx_word' id='word_1_24' title='bbox 240 654 408 698; x_wconf 72' lang='lat' dir='ltr'><strong>Quinta</strong></span> <span class='ocrx_word' id='word_1_25' title='bbox 428 656 481 696; x_wconf 88' lang='lat' dir='ltr'><strong>ad</strong></span> <span class='ocrx_word' id='word_1_26' title='bbox 504 670 661 711; x_wconf 88' lang='lat' dir='ltr'><strong>corpus</strong></span> <span class='ocrx_word' id='word_1_27' title='bbox 682 655 895 711; x_wconf 86' lang='lat' dir='ltr'><strong>pertinet3</strong></span> <span class='ocrx_word' id='word_1_28' title='bbox 931 655 976 696; x_wconf 90' lang='lat' dir='ltr'><strong>in</strong></span> <span class='ocrx_word' id='word_1_29' title='bbox 1010 670 1110 710; x_wconf 93' lang='lat' dir='ltr'><strong>quo,</strong></span> <span class='ocrx_word' id='word_1_30' title='bbox 1132 655 1251 710; x_wconf 89' lang='lat' dir='ltr'><strong>quod</strong></span> <span class='ocrx_word' id='word_1_31' title='bbox 1281 655 1336 696; x_wconf 88' lang='lat' dir='ltr'><strong>ad</strong></span> <span class='ocrx_word' id='word_1_32' title='bbox 1366 655 1610 707; x_wconf 87' lang='lat' dir='ltr'><strong>sanitatem,</strong></span> 
     </span>
     <span class='ocr_line' id='line_1_6' title="bbox 237 729 1610 784; baseline 0 -14"><span class='ocrx_word' id='word_1_33' title='bbox 237 729 425 784; x_wconf 89' lang='lat' dir='ltr'><strong>speciem</strong></span> <span class='ocrx_word' id='word_1_34' title='bbox 447 737 682 781; x_wconf 77' lang='lat' dir='ltr'><strong>externam,</strong></span> <span class='ocrx_word' id='word_1_35' title='bbox 704 738 747 771; x_wconf 91' lang='lat' dir='ltr'><strong>et</strong></span> <span class='ocrx_word' id='word_1_36' title='bbox 774 735 946 771; x_wconf 87' lang='lat' dir='ltr'><strong>aetatem</strong></span> <span class='ocrx_word' id='word_1_37' title='bbox 978 729 1146 781; x_wconf 80' lang='lat' dir='ltr'><strong>attinet,</strong></span> <span class='ocrx_word' id='word_1_38' title='bbox 1176 729 1376 770; x_wconf 87' lang='lat' dir='ltr'><strong>habenda</strong></span> <span class='ocrx_word' id='word_1_39' title='bbox 1407 736 1472 771; x_wconf 88' lang='lat' dir='ltr'><strong>est</strong></span> <span class='ocrx_word' id='word_1_40' title='bbox 1501 729 1610 770; x_wconf 92' lang='lat' dir='ltr'><strong>ratio</strong></span> 
     </span>
     <span class='ocr_line' id='line_1_7' title="bbox 236 804 1610 859; baseline 0 -14"><span class='ocrx_word' id='word_1_41' title='bbox 236 804 339 845; x_wconf 85' lang='lat' dir='ltr'><strong>hinc</strong></span> <span class='ocrx_word' id='word_1_42' title='bbox 371 805 545 859; x_wconf 90' lang='lat' dir='ltr'><strong>quidem</strong></span> <span class='ocrx_word' id='word_1_43' title='bbox 571 805 778 846; x_wconf 88' lang='lat' dir='ltr'><strong>decentiae</strong></span> <span class='ocrx_word' id='word_1_44' title='bbox 808 813 850 845; x_wconf 89' lang='lat' dir='ltr'><strong>et</strong></span> <span class='ocrx_word' id='word_1_45' title='bbox 879 804 1167 856; x_wconf 80' lang='lat' dir='ltr'><strong>authoritatis,</strong></span> <span class='ocrx_word' id='word_1_46' title='bbox 1198 805 1297 846; x_wconf 86' lang='lat' dir='ltr'><strong>inde</strong></span> <span class='ocrx_word' id='word_1_47' title='bbox 1324 805 1425 846; x_wconf 75' lang='lat' dir='ltr'><strong>vero</strong></span> <span class='ocrx_word' id='word_1_48' title='bbox 1452 804 1610 846; x_wconf 87' lang='lat' dir='ltr'><strong>virium</strong></span> 
     </span>
     <span class='ocr_line' id='line_1_8' title="bbox 237 878 1611 935; baseline 0.001 -16"><span class='ocrx_word' id='word_1_49' title='bbox 237 879 442 934; x_wconf 87' lang='lat' dir='ltr'><strong>corporis,</strong></span> <span class='ocrx_word' id='word_1_50' title='bbox 464 893 571 933; x_wconf 89' lang='lat' dir='ltr'><strong>quas</strong></span> <span class='ocrx_word' id='word_1_51' title='bbox 593 878 685 933; x_wconf 87' lang='lat' dir='ltr'><strong>ejus</strong></span> <span class='ocrx_word' id='word_1_52' title='bbox 706 893 868 920; x_wconf 86' lang='lat' dir='ltr'><strong>munus</strong></span> <span class='ocrx_word' id='word_1_53' title='bbox 890 879 1050 933; x_wconf 72' lang='lat' dir='ltr'><strong>exigit,</strong></span> <span class='ocrx_word' id='word_1_54' title='bbox 1092 887 1142 920; x_wconf 91' lang='lat' dir='ltr'><strong>ut</strong></span> <span class='ocrx_word' id='word_1_55' title='bbox 1171 879 1217 920; x_wconf 89' lang='lat' dir='ltr'><strong>in</strong></span> <span class='ocrx_word' id='word_1_56' title='bbox 1249 895 1298 920; x_wconf 87' lang='lat' dir='ltr'><strong>eo</strong></span> <span class='ocrx_word' id='word_1_57' title='bbox 1325 880 1450 935; x_wconf 81' lang='lat' dir='ltr'><strong>fungi</strong></span> <span class='ocrx_word' id='word_1_58' title='bbox 1472 879 1611 921; x_wconf 88' lang='lat' dir='ltr'><strong>officio</strong></span> 
     </span>
     <span class='ocr_line' id='line_1_9' title="bbox 237 952 1304 1007; baseline 0.001 -15"><span class='ocrx_word' id='word_1_59' title='bbox 237 966 316 992; x_wconf 86' lang='lat' dir='ltr'><strong>suo</strong></span> <span class='ocrx_word' id='word_1_60' title='bbox 338 952 392 992; x_wconf 84' lang='lat' dir='ltr'><strong>ad</strong></span> <span class='ocrx_word' id='word_1_61' title='bbox 414 952 496 992; x_wconf 92' lang='lat' dir='ltr'><strong>Dei</strong></span> <span class='ocrx_word' id='word_1_62' title='bbox 519 966 567 992; x_wconf 89' lang='lat' dir='ltr'><strong>ac</strong></span> <span class='ocrx_word' id='word_1_63' title='bbox 590 952 770 993; x_wconf 88' lang='lat' dir='ltr'><strong>Domini</strong></span> <span class='ocrx_word' id='word_1_64' title='bbox 792 952 930 993; x_wconf 84' lang='lat' dir='ltr'><strong>nostri</strong></span> <span class='ocrx_word' id='word_1_65' title='bbox 951 952 1131 1007; x_wconf 84' lang='lat' dir='ltr'><strong>gloriam</strong></span> <span class='ocrx_word' id='word_1_66' title='bbox 1152 953 1304 1007; x_wconf 85' lang='lat' dir='ltr'><strong>possit.</strong></span> 
     </span>
    </p>

    <p class='ocr_par' dir='ltr' id='par_1_4' title="bbox 178 1025 1615 1450">
     <span class='ocr_line' id='line_1_10' title="bbox 178 1025 1612 1080; baseline 0 -14"><span class='ocrx_word' id='word_1_67' title='bbox 178 1030 204 1065; x_wconf 88' lang='lat'>9</span> <span class='ocrx_word' id='word_1_68' title='bbox 237 1025 368 1066; x_wconf 86' lang='lat' dir='ltr'><strong>Sexta</strong></span> <span class='ocrx_word' id='word_1_69' title='bbox 392 1025 503 1066; x_wconf 88' lang='lat' dir='ltr'><strong>circa</strong></span> <span class='ocrx_word' id='word_1_70' title='bbox 527 1040 594 1066; x_wconf 91' lang='lat' dir='ltr'><strong>res</strong></span> <span class='ocrx_word' id='word_1_71' title='bbox 628 1032 824 1066; x_wconf 79' lang='lat' dir='ltr'><strong>externas</strong></span> <span class='ocrx_word' id='word_1_72' title='bbox 851 1033 930 1076; x_wconf 90' lang='lat' dir='ltr'><strong>est,</strong></span> <span class='ocrx_word' id='word_1_73' title='bbox 961 1025 1074 1066; x_wconf 89' lang='lat' dir='ltr'><strong>inter</strong></span> <span class='ocrx_word' id='word_1_74' title='bbox 1105 1040 1226 1080; x_wconf 87' lang='lat' dir='ltr'><strong>quas,</strong></span> <span class='ocrx_word' id='word_1_75' title='bbox 1258 1040 1355 1080; x_wconf 87' lang='lat' dir='ltr'><strong>quae</strong></span> <span class='ocrx_word' id='word_1_76' title='bbox 1386 1026 1524 1080; x_wconf 83' lang='lat' dir='ltr'><strong>magis</strong></span> <span class='ocrx_word' id='word_1_77' title='bbox 1557 1026 1612 1066; x_wconf 89' lang='lat' dir='ltr'><strong>acl</strong></span> 
     </span>
     <span class='ocr_line' id='line_1_11' title="bbox 235 1098 1613 1154; baseline 0 -14"><span class='ocrx_word' id='word_1_78' title='bbox 235 1098 564 1140; x_wconf 72' lang='lat' dir='ltr'><strong>aedificationem</strong></span> <span class='ocrx_word' id='word_1_79' title='bbox 587 1106 629 1140; x_wconf 90' lang='lat' dir='ltr'><strong>et</strong></span> <span class='ocrx_word' id='word_1_80' title='bbox 651 1099 735 1140; x_wconf 88' lang='lat' dir='ltr'><strong>Dei</strong></span> <span class='ocrx_word' id='word_1_81' title='bbox 766 1099 1022 1154; x_wconf 88' lang='lat' dir='ltr'><strong>obsequium</strong></span> <span class='ocrx_word' id='word_1_82' title='bbox 1053 1099 1098 1140; x_wconf 89' lang='lat' dir='ltr'><strong>in</strong></span> <span class='ocrx_word' id='word_1_83' title='bbox 1129 1112 1179 1140; x_wconf 92' lang='lat' dir='ltr'><strong>eo</strong></span> <span class='ocrx_word' id='word_1_84' title='bbox 1208 1099 1348 1140; x_wconf 89' lang='lat' dir='ltr'><strong>officio</strong></span> <span class='ocrx_word' id='word_1_85' title='bbox 1370 1099 1613 1150; x_wconf 88' lang='lat' dir='ltr'><strong>conferunt,</strong></span> 
     </span>
     <span class='ocr_line' id='line_1_12' title="bbox 235 1172 1611 1228; baseline 0 -15"><span class='ocrx_word' id='word_1_86' title='bbox 235 1173 427 1228; x_wconf 86' lang='lat' dir='ltr'><strong>praeferri</strong></span> <span class='ocrx_word' id='word_1_87' title='bbox 449 1173 621 1214; x_wconf 88' lang='lat' dir='ltr'><strong>debent.</strong></span> <span class='ocrx_word' id='word_1_88' title='bbox 685 1172 952 1228; x_wconf 81' lang='lat' dir='ltr'><strong>Hujusmodi</strong></span> <span class='ocrx_word' id='word_1_89' title='bbox 973 1188 1065 1215; x_wconf 89' lang='lat' dir='ltr'><strong>esse</strong></span> <span class='ocrx_word' id='word_1_90' title='bbox 1089 1173 1243 1225; x_wconf 82' lang='lat' dir='ltr'><strong>solent,</strong></span> <span class='ocrx_word' id='word_1_91' title='bbox 1275 1173 1409 1228; x_wconf 89' lang='lat' dir='ltr'><strong>siquis</strong></span> <span class='ocrx_word' id='word_1_92' title='bbox 1440 1188 1611 1228; x_wconf 81' lang='lat' dir='ltr'><strong>magnae</strong></span> 
     </span>
     <span class='ocr_line' id='line_1_13' title="bbox 237 1246 1611 1302; baseline 0 -15"><span class='ocrx_word' id='word_1_93' title='bbox 237 1246 292 1287; x_wconf 88' lang='lat' dir='ltr'><strong>sit</strong></span> <span class='ocrx_word' id='word_1_94' title='bbox 320 1246 662 1298; x_wconf 79' lang='lat' dir='ltr'><strong>existimationis,</strong></span> <span class='ocrx_word' id='word_1_95' title='bbox 692 1262 739 1288; x_wconf 90' lang='lat' dir='ltr'><strong>ac</strong></span> <span class='ocrx_word' id='word_1_96' title='bbox 777 1247 955 1288; x_wconf 87' lang='lat' dir='ltr'><strong>celebris</strong></span> <span class='ocrx_word' id='word_1_97' title='bbox 983 1247 1197 1289; x_wconf 88' lang='lat' dir='ltr'><strong>nominis:</strong></span> <span class='ocrx_word' id='word_1_98' title='bbox 1235 1253 1278 1288; x_wconf 91' lang='lat' dir='ltr'><strong>et</strong></span> <span class='ocrx_word' id='word_1_99' title='bbox 1304 1247 1479 1288; x_wconf 88' lang='lat' dir='ltr'><strong>demum</strong></span> <span class='ocrx_word' id='word_1_100' title='bbox 1513 1262 1611 1302; x_wconf 84' lang='lat' dir='ltr'><strong>quae</strong></span> 
     </span>
     <span class='ocr_line' id='line_1_14' title="bbox 237 1320 1615 1375; baseline 0 -14"><span class='ocrx_word' id='word_1_101' title='bbox 237 1335 290 1361; x_wconf 81' lang='lat' dir='ltr'><strong>ex</strong></span> <span class='ocrx_word' id='word_1_102' title='bbox 311 1320 476 1361; x_wconf 82' lang='lat' dir='ltr'><strong>caeteris</strong></span> <span class='ocrx_word' id='word_1_103' title='bbox 499 1321 553 1361; x_wconf 88' lang='lat' dir='ltr'><strong>ad</strong></span> <span class='ocrx_word' id='word_1_104' title='bbox 574 1321 881 1362; x_wconf 86' lang='lat' dir='ltr'><strong>authoritatem</strong></span> <span class='ocrx_word' id='word_1_105' title='bbox 903 1336 1003 1362; x_wconf 87' lang='lat' dir='ltr'><strong>cum</strong></span> <span class='ocrx_word' id='word_1_106' title='bbox 1033 1321 1220 1362; x_wconf 88' lang='lat' dir='ltr'><strong>externis</strong></span> <span class='ocrx_word' id='word_1_107' title='bbox 1249 1329 1292 1362; x_wconf 93' lang='lat' dir='ltr'><strong>et</strong></span> <span class='ocrx_word' id='word_1_108' title='bbox 1323 1336 1423 1362; x_wconf 92' lang='lat' dir='ltr'><strong>cum</strong></span> <span class='ocrx_word' id='word_1_109' title='bbox 1451 1321 1518 1372; x_wconf 90' lang='lat' dir='ltr'><strong>iis,</strong></span> <span class='ocrx_word' id='word_1_110' title='bbox 1540 1321 1615 1375; x_wconf 89' lang='lat' dir='ltr'><strong>qui</strong></span> 
     </span>
     <span class='ocr_line' id='line_1_15' title="bbox 239 1394 909 1450; baseline 0.001 -15"><span class='ocrx_word' id='word_1_111' title='bbox 239 1395 291 1436; x_wconf 91' lang='lat' dir='ltr'><strong>de</strong></span> <span class='ocrx_word' id='word_1_112' title='bbox 315 1395 528 1436; x_wconf 86' lang='lat' dir='ltr'><strong>Societate</strong></span> <span class='ocrx_word' id='word_1_113' title='bbox 552 1400 668 1446; x_wconf 86' lang='lat' dir='ltr'><strong>sunt,</strong></span> <span class='ocrx_word' id='word_1_114' title='bbox 691 1394 909 1450; x_wconf 80' lang='lat' dir='ltr'><strong>adjuvant.</strong></span> 
     </span>
    </p>

    <p class='ocr_par' dir='ltr' id='par_1_5' title="bbox 153 1470 1615 2121">
     <span class='ocr_line' id='line_1_16' title="bbox 153 1470 1615 1525; baseline 0.001 -15"><span class='ocrx_word' id='word_1_115' title='bbox 153 1474 206 1511; x_wconf 90' lang='lat'><strong>10</strong></span> <span class='ocrx_word' id='word_1_116' title='bbox 237 1470 438 1525; x_wconf 87' lang='lat' dir='ltr'><strong>Denique</strong></span> <span class='ocrx_word' id='word_1_117' title='bbox 461 1485 513 1510; x_wconf 80' lang='lat' dir='ltr'><strong>ex</strong></span> <span class='ocrx_word' id='word_1_118' title='bbox 535 1485 682 1510; x_wconf 89' lang='lat' dir='ltr'><strong>eorum</strong></span> <span class='ocrx_word' id='word_1_119' title='bbox 705 1485 884 1511; x_wconf 87' lang='lat' dir='ltr'><strong>numero</strong></span> <span class='ocrx_word' id='word_1_120' title='bbox 907 1485 999 1511; x_wconf 88' lang='lat' dir='ltr'><strong>esse</strong></span> <span class='ocrx_word' id='word_1_121' title='bbox 1029 1470 1157 1511; x_wconf 88' lang='lat' dir='ltr'><strong>debet</strong></span> <span class='ocrx_word' id='word_1_122' title='bbox 1180 1470 1445 1525; x_wconf 80' lang='lat' dir='ltr'><strong>Praepositus</strong></span> <span class='ocrx_word' id='word_1_123' title='bbox 1470 1470 1615 1512; x_wconf 87' lang='lat' dir='ltr'><strong>Gene-</strong></span> 
     </span>
     <span class='ocr_line' id='line_1_17' title="bbox 235 1543 1609 1598; baseline 0.001 -14"><span class='ocrx_word' id='word_1_124' title='bbox 235 1543 350 1595; x_wconf 88' lang='lat' dir='ltr'><strong>ralis,</strong></span> <span class='ocrx_word' id='word_1_125' title='bbox 387 1543 461 1598; x_wconf 91' lang='lat' dir='ltr'><strong>qui</strong></span> <span class='ocrx_word' id='word_1_126' title='bbox 502 1543 547 1584; x_wconf 90' lang='lat' dir='ltr'><strong>in</strong></span> <span class='ocrx_word' id='word_1_127' title='bbox 589 1543 707 1584; x_wconf 88' lang='lat' dir='ltr'><strong>omni</strong></span> <span class='ocrx_word' id='word_1_128' title='bbox 747 1544 958 1585; x_wconf 85' lang='lat' dir='ltr'><strong>virtutum</strong></span> <span class='ocrx_word' id='word_1_129' title='bbox 1001 1552 1156 1585; x_wconf 86' lang='lat' dir='ltr'><strong>ornatu</strong></span> <span class='ocrx_word' id='word_1_130' title='bbox 1197 1544 1435 1595; x_wconf 83' lang='lat' dir='ltr'><strong>clarissimi,</strong></span> <span class='ocrx_word' id='word_1_131' title='bbox 1478 1552 1521 1585; x_wconf 91' lang='lat' dir='ltr'><strong>et</strong></span> <span class='ocrx_word' id='word_1_132' title='bbox 1557 1545 1609 1586; x_wconf 91' lang='lat' dir='ltr'><strong>de</strong></span> 
     </span>
     <span class='ocr_line' id='line_1_18' title="bbox 238 1617 1613 1674; baseline 0 -15"><span class='ocrx_word' id='word_1_133' title='bbox 238 1617 451 1659; x_wconf 84' lang='lat' dir='ltr'><strong>Societate</strong></span> <span class='ocrx_word' id='word_1_134' title='bbox 473 1617 636 1672; x_wconf 72' lang='lat' dir='ltr'><strong>optime</strong></span> <span class='ocrx_word' id='word_1_135' title='bbox 657 1617 813 1668; x_wconf 86' lang='lat' dir='ltr'><strong>meriti,</strong></span> <span class='ocrx_word' id='word_1_136' title='bbox 835 1623 878 1658; x_wconf 87' lang='lat' dir='ltr'><strong>et</strong></span> <span class='ocrx_word' id='word_1_137' title='bbox 900 1617 974 1658; x_wconf 85' lang='lat' dir='ltr'><strong>diu</strong></span> <span class='ocrx_word' id='word_1_138' title='bbox 1005 1618 1050 1658; x_wconf 89' lang='lat' dir='ltr'><strong>in</strong></span> <span class='ocrx_word' id='word_1_139' title='bbox 1082 1619 1232 1659; x_wconf 88' lang='lat' dir='ltr'><strong>eadem</strong></span> <span class='ocrx_word' id='word_1_140' title='bbox 1263 1618 1370 1659; x_wconf 89' lang='lat' dir='ltr'><strong>tales</strong></span> <span class='ocrx_word' id='word_1_141' title='bbox 1401 1633 1493 1659; x_wconf 92' lang='lat' dir='ltr'><strong>esse</strong></span> <span class='ocrx_word' id='word_1_142' title='bbox 1515 1633 1613 1674; x_wconf 91' lang='lat' dir='ltr'><strong>per-</strong></span> 
     </span>
     <span class='ocr_line' id='line_1_19' title="bbox 237 1693 1615 1749; baseline 0.001 -14"><span class='ocrx_word' id='word_1_143' title='bbox 237 1693 375 1749; x_wconf 89' lang='lat' dir='ltr'><strong>specti</strong></span> <span class='ocrx_word' id='word_1_144' title='bbox 395 1700 512 1734; x_wconf 88' lang='lat' dir='ltr'><strong>sunt.</strong></span> <span class='ocrx_word' id='word_1_145' title='bbox 574 1693 634 1734; x_wconf 87' lang='lat' dir='ltr'><strong>Et</strong></span> <span class='ocrx_word' id='word_1_146' title='bbox 657 1693 692 1734; x_wconf 86' lang='lat' dir='ltr'><strong>si</strong></span> <span class='ocrx_word' id='word_1_147' title='bbox 714 1693 868 1747; x_wconf 84' lang='lat' dir='ltr'><strong>aliquae</strong></span> <span class='ocrx_word' id='word_1_148' title='bbox 892 1708 943 1734; x_wconf 78' lang='lat' dir='ltr'><strong>ex</strong></span> <span class='ocrx_word' id='word_1_149' title='bbox 975 1694 1150 1734; x_wconf 88' lang='lat' dir='ltr'><strong>dotibus</strong></span> <span class='ocrx_word' id='word_1_150' title='bbox 1173 1694 1370 1749; x_wconf 90' lang='lat' dir='ltr'><strong>superius</strong></span> <span class='ocrx_word' id='word_1_151' title='bbox 1393 1694 1519 1735; x_wconf 89' lang='lat' dir='ltr'><strong>dictis</strong></span> <span class='ocrx_word' id='word_1_152' title='bbox 1542 1695 1615 1736; x_wconf 91' lang='lat' dir='ltr'><strong>de-</strong></span> 
     </span>
     <span class='ocr_line' id='line_1_20' title="bbox 235 1766 1613 1824; baseline 0 -15"><span class='ocrx_word' id='word_1_153' title='bbox 235 1774 405 1818; x_wconf 84' lang='lat' dir='ltr'><strong>essent3</strong></span> <span class='ocrx_word' id='word_1_154' title='bbox 448 1766 562 1808; x_wconf 72' lang='lat' dir='ltr'><strong>certe</strong></span> <span class='ocrx_word' id='word_1_155' title='bbox 593 1782 682 1808; x_wconf 91' lang='lat' dir='ltr'><strong>non</strong></span> <span class='ocrx_word' id='word_1_156' title='bbox 714 1767 825 1808; x_wconf 86' lang='lat' dir='ltr'><strong>desit</strong></span> <span class='ocrx_word' id='word_1_157' title='bbox 858 1767 1013 1808; x_wconf 74' lang='lat' dir='ltr'><strong>eximia</strong></span> <span class='ocrx_word' id='word_1_158' title='bbox 1048 1767 1256 1822; x_wconf 88' lang='lat' dir='ltr'><strong>probitas,</strong></span> <span class='ocrx_word' id='word_1_159' title='bbox 1288 1775 1330 1808; x_wconf 85' lang='lat' dir='ltr'><strong>et</strong></span> <span class='ocrx_word' id='word_1_160' title='bbox 1362 1782 1481 1809; x_wconf 90' lang='lat' dir='ltr'><strong>amor</strong></span> <span class='ocrx_word' id='word_1_161' title='bbox 1512 1783 1613 1824; x_wconf 82' lang='lat' dir='ltr'><strong>erga</strong></span> 
     </span>
     <span class='ocr_line' id='line_1_21' title="bbox 237 1842 1613 1898; baseline 0.001 -15"><span class='ocrx_word' id='word_1_162' title='bbox 237 1843 498 1884; x_wconf 86' lang='lat' dir='ltr'><strong>Societatem</strong></span> <span class='ocrx_word' id='word_1_163' title='bbox 519 1856 567 1883; x_wconf 90' lang='lat' dir='ltr'><strong>ac</strong></span> <span class='ocrx_word' id='word_1_164' title='bbox 591 1842 808 1897; x_wconf 86' lang='lat' dir='ltr'><strong>judicium</strong></span> <span class='ocrx_word' id='word_1_165' title='bbox 829 1842 1008 1894; x_wconf 88' lang='lat' dir='ltr'><strong>bonum,</strong></span> <span class='ocrx_word' id='word_1_166' title='bbox 1031 1843 1149 1898; x_wconf 90' lang='lat' dir='ltr'><strong>quod</strong></span> <span class='ocrx_word' id='word_1_167' title='bbox 1180 1843 1309 1884; x_wconf 89' lang='lat' dir='ltr'><strong>etiam</strong></span> <span class='ocrx_word' id='word_1_168' title='bbox 1335 1843 1490 1884; x_wconf 89' lang='lat' dir='ltr'><strong>idonea</strong></span> <span class='ocrx_word' id='word_1_169' title='bbox 1511 1844 1613 1885; x_wconf 89' lang='lat' dir='ltr'><strong>doc-</strong></span> 
     </span>
     <span class='ocr_line' id='line_1_22' title="bbox 235 1916 1610 1973; baseline 0 -14"><span class='ocrx_word' id='word_1_170' title='bbox 235 1917 349 1959; x_wconf 85' lang='lat' dir='ltr'><strong>trina</strong></span> <span class='ocrx_word' id='word_1_171' title='bbox 369 1916 611 1959; x_wconf 87' lang='lat' dir='ltr'><strong>comitetur.</strong></span> <span class='ocrx_word' id='word_1_172' title='bbox 674 1917 728 1958; x_wconf 94' lang='lat' dir='ltr'><strong>In</strong></span> <span class='ocrx_word' id='word_1_173' title='bbox 749 1917 924 1971; x_wconf 86' lang='lat' dir='ltr'><strong>reliquis</strong></span> <span class='ocrx_word' id='word_1_174' title='bbox 954 1917 1069 1958; x_wconf 88' lang='lat' dir='ltr'><strong>enim</strong></span> <span class='ocrx_word' id='word_1_175' title='bbox 1099 1932 1176 1972; x_wconf 89' lang='lat' dir='ltr'><strong>per</strong></span> <span class='ocrx_word' id='word_1_176' title='bbox 1207 1933 1294 1969; x_wconf 90' lang='lat' dir='ltr'><strong>eos,</strong></span> <span class='ocrx_word' id='word_1_177' title='bbox 1326 1918 1401 1973; x_wconf 89' lang='lat' dir='ltr'><strong>qui</strong></span> <span class='ocrx_word' id='word_1_178' title='bbox 1433 1919 1487 1959; x_wconf 87' lang='lat' dir='ltr'><strong>ad</strong></span> <span class='ocrx_word' id='word_1_179' title='bbox 1518 1918 1610 1973; x_wconf 86' lang='lat' dir='ltr'><strong>ejus</strong></span> 
     </span>
     <span class='ocr_line' id='line_1_23' title="bbox 236 1991 1607 2046; baseline 0.001 -14"><span class='ocrx_word' id='word_1_180' title='bbox 236 1991 443 2032; x_wconf 81' lang='lat' dir='ltr'><strong>auxilium</strong></span> <span class='ocrx_word' id='word_1_181' title='bbox 480 1991 725 2032; x_wconf 79' lang='lat' dir='ltr'><strong>destinandi</strong></span> <span class='ocrx_word' id='word_1_182' title='bbox 768 1996 871 2031; x_wconf 87' lang='lat' dir='ltr'><strong>sunt</strong></span> <span class='ocrx_word' id='word_1_183' title='bbox 910 1991 977 2044; x_wconf 86' lang='lat' dir='ltr'><strong>(de</strong></span> <span class='ocrx_word' id='word_1_184' title='bbox 1012 1992 1170 2046; x_wconf 90' lang='lat' dir='ltr'><strong>quibus</strong></span> <span class='ocrx_word' id='word_1_185' title='bbox 1211 1993 1389 2033; x_wconf 84' lang='lat' dir='ltr'><strong>inferius</strong></span> <span class='ocrx_word' id='word_1_186' title='bbox 1426 1993 1607 2046; x_wconf 86' lang='lat' dir='ltr'><strong>dicetur)</strong></span> 
     </span>
     <span class='ocr_line' id='line_1_24' title="bbox 238 2064 1522 2121; baseline 0.002 -15"><span class='ocrx_word' id='word_1_187' title='bbox 238 2080 338 2106; x_wconf 88' lang='lat' dir='ltr'><strong>cum</strong></span> <span class='ocrx_word' id='word_1_188' title='bbox 360 2064 516 2105; x_wconf 82' lang='lat' dir='ltr'><strong>auxilio</strong></span> <span class='ocrx_word' id='word_1_189' title='bbox 539 2072 581 2106; x_wconf 89' lang='lat' dir='ltr'><strong>et</strong></span> <span class='ocrx_word' id='word_1_190' title='bbox 601 2065 743 2105; x_wconf 87' lang='lat' dir='ltr'><strong>favore</strong></span> <span class='ocrx_word' id='word_1_191' title='bbox 766 2065 911 2106; x_wconf 80' lang='lat' dir='ltr'><strong>divino</strong></span> <span class='ocrx_word' id='word_1_192' title='bbox 933 2065 1070 2106; x_wconf 87' lang='lat' dir='ltr'><strong>multa</strong></span> <span class='ocrx_word' id='word_1_193' title='bbox 1092 2066 1283 2121; x_wconf 89' lang='lat' dir='ltr'><strong>suppleri</strong></span> <span class='ocrx_word' id='word_1_194' title='bbox 1303 2073 1522 2121; x_wconf 89' lang='lat' dir='ltr'><strong>poterunt.</strong></span> 
     </span>
    </p>
   </div>
   <div class='ocr_carea' id='block_1_3' title="bbox 228 2275 1536 2389">
    <p class='ocr_par' dir='ltr' id='par_1_6' title="bbox 228 2275 1536 2389">
     <span class='ocr_line' id='line_1_25' title="bbox 228 2275 1536 2305; baseline -0.001 0"><span class='ocrx_word' id='word_1_195' title='bbox 228 2279 290 2305; x_wconf 86' lang='lat' dir='ltr'><strong>DE</strong></span> <span class='ocrx_word' id='word_1_196' title='bbox 317 2277 592 2305; x_wconf 84' lang='lat' dir='ltr'>POTESTATE</span> <span class='ocrx_word' id='word_1_197' title='bbox 618 2276 885 2304; x_wconf 81' lang='lat' dir='ltr'>PRAEPOSITI</span> <span class='ocrx_word' id='word_1_198' title='bbox 912 2276 1194 2303; x_wconf 79' lang='lat' dir='ltr'>GENERALIS</span> <span class='ocrx_word' id='word_1_199' title='bbox 1219 2275 1351 2302; x_wconf 81' lang='lat' dir='ltr'><strong>ERGA</strong></span> <span class='ocrx_word' id='word_1_200' title='bbox 1377 2276 1536 2304; x_wconf 84' lang='lat' dir='ltr'>SOCIE-</span> 
     </span>
     <span class='ocr_line' id='line_1_26' title="bbox 510 2350 1241 2389; baseline -0.004 -10"><span class='ocrx_word' id='word_1_201' title='bbox 510 2351 692 2389; x_wconf 83' lang='lat' dir='ltr'><strong>TATEM,</strong></span> <span class='ocrx_word' id='word_1_202' title='bbox 716 2350 776 2378; x_wconf 83' lang='lat' dir='ltr'><strong>AC</strong></span> <span class='ocrx_word' id='word_1_203' title='bbox 802 2351 864 2377; x_wconf 80' lang='lat' dir='ltr'><strong>DE</strong></span> <span class='ocrx_word' id='word_1_204' title='bbox 890 2350 1085 2377; x_wconf 87' lang='lat' dir='ltr'>OFFICIO</span> <span class='ocrx_word' id='word_1_205' title='bbox 1110 2350 1241 2377; x_wconf 83' lang='lat' dir='ltr'>EJUS.</span> 
     </span>
    </p>
   </div>
   <div class='ocr_carea' id='block_1_4' title="bbox 751 2428 1005 2471">
    <p class='ocr_par' dir='ltr' id='par_1_7' title="bbox 751 2428 1005 2471">
     <span class='ocr_line' id='line_1_27' title="bbox 751 2428 1005 2471; baseline -0.012 0"><span class='ocrx_word' id='word_1_206' title='bbox 751 2429 881 2471; x_wconf 84' lang='lat' dir='ltr'><strong>CAP.</strong></span> <span class='ocrx_word' id='word_1_207' title='bbox 918 2428 1005 2469; x_wconf 92' lang='grc' dir='ltr'><strong>ΙΙΙ.</strong></span> 
     </span>
    </p>
   </div>
   <div class='ocr_carea' id='block_1_5' title="bbox 179 2509 1608 2869">
    <p class='ocr_par' dir='ltr' id='par_1_8' title="bbox 179 2509 1608 2869">
     <span class='ocr_line' id='line_1_28' title="bbox 179 2509 1607 2566; baseline -0.001 -14"><span class='ocrx_word' id='word_1_208' title='bbox 179 2516 198 2552; x_wconf 92' lang='grc'>1</span> <span class='ocrx_word' id='word_1_209' title='bbox 235 2511 310 2553; x_wconf 81' lang='lat' dir='ltr'><strong>U&#39;r</strong></span> <span class='ocrx_word' id='word_1_210' title='bbox 330 2511 439 2552; x_wconf 91' lang='lat' dir='ltr'><strong>bene</strong></span> <span class='ocrx_word' id='word_1_211' title='bbox 461 2511 727 2566; x_wconf 85' lang='lat' dir='ltr'><strong>gubernetur</strong></span> <span class='ocrx_word' id='word_1_212' title='bbox 749 2511 964 2560; x_wconf 84' lang='lat' dir='ltr'><strong>Societas3</strong></span> <span class='ocrx_word' id='word_1_213' title='bbox 996 2509 1195 2564; x_wconf 79' lang='lat' dir='ltr'><strong>expedire</strong></span> <span class='ocrx_word' id='word_1_214' title='bbox 1225 2509 1271 2549; x_wconf 89' lang='lat' dir='ltr'><strong>in</strong></span> <span class='ocrx_word' id='word_1_215' title='bbox 1302 2509 1452 2564; x_wconf 87' lang='lat' dir='ltr'><strong>primis</strong></span> <span class='ocrx_word' id='word_1_216' title='bbox 1484 2510 1607 2551; x_wconf 85' lang='lat' dir='ltr'><strong>duxi-</strong></span> 
     </span>
     <span class='ocr_line' id='line_1_29' title="bbox 233 2583 1605 2641; baseline 0 -15"><span class='ocrx_word' id='word_1_217' title='bbox 233 2600 346 2637; x_wconf 89' lang='lat' dir='ltr'><strong>mus,</strong></span> <span class='ocrx_word' id='word_1_218' title='bbox 366 2593 417 2626; x_wconf 91' lang='lat' dir='ltr'><strong>ut</strong></span> <span class='ocrx_word' id='word_1_219' title='bbox 439 2586 702 2641; x_wconf 88' lang='lat' dir='ltr'><strong>Praepositus</strong></span> <span class='ocrx_word' id='word_1_220' title='bbox 727 2585 951 2627; x_wconf 88' lang='lat' dir='ltr'><strong>Generalis</strong></span> <span class='ocrx_word' id='word_1_221' title='bbox 973 2598 1146 2626; x_wconf 89' lang='lat' dir='ltr'><strong>omnem</strong></span> <span class='ocrx_word' id='word_1_222' title='bbox 1168 2583 1325 2624; x_wconf 89' lang='lat' dir='ltr'><strong>habeat</strong></span> <span class='ocrx_word' id='word_1_223' title='bbox 1346 2591 1605 2638; x_wconf 86' lang='lat' dir='ltr'><strong>potestatem</strong></span> 
     </span>
     <span class='ocr_line' id='line_1_30' title="bbox 233 2658 1607 2712; baseline -0.001 -12"><span class='ocrx_word' id='word_1_224' title='bbox 233 2659 279 2700; x_wconf 92' lang='lat' dir='ltr'><strong>in</strong></span> <span class='ocrx_word' id='word_1_225' title='bbox 317 2659 576 2701; x_wconf 87' lang='lat' dir='ltr'><strong>Societatem</strong></span> <span class='ocrx_word' id='word_1_226' title='bbox 618 2660 672 2700; x_wconf 86' lang='lat' dir='ltr'><strong>ad</strong></span> <span class='ocrx_word' id='word_1_227' title='bbox 713 2659 1067 2700; x_wconf 66' lang='lat' dir='ltr'><strong>aedificationem:</strong></span> <span class='ocrx_word' id='word_1_228' title='bbox 1112 2672 1208 2712; x_wconf 84' lang='lat' dir='ltr'><strong>quae</strong></span> <span class='ocrx_word' id='word_1_229' title='bbox 1242 2664 1434 2712; x_wconf 88' lang='lat' dir='ltr'><strong>potestas</strong></span> <span class='ocrx_word' id='word_1_230' title='bbox 1476 2658 1607 2711; x_wconf 90' lang='lat' dir='ltr'><strong>(unde</strong></span> 
     </span>
     <span class='ocr_line' id='line_1_31' title="bbox 236 2731 1607 2789; baseline -0.001 -14"><span class='ocrx_word' id='word_1_231' title='bbox 236 2734 464 2789; x_wconf 87' lang='lat' dir='ltr'><strong>Praepositi</strong></span> <span class='ocrx_word' id='word_1_232' title='bbox 494 2733 683 2774; x_wconf 89' lang='lat' dir='ltr'><strong>officium</strong></span> <span class='ocrx_word' id='word_1_233' title='bbox 705 2733 994 2789; x_wconf 84' lang='lat' dir='ltr'><strong>cognoscitur)</strong></span> <span class='ocrx_word' id='word_1_234' title='bbox 1019 2733 1113 2773; x_wconf 90' lang='lat' dir='ltr'><strong>haec</strong></span> <span class='ocrx_word' id='word_1_235' title='bbox 1136 2731 1243 2782; x_wconf 83' lang='lat' dir='ltr'><strong>erit3</strong></span> <span class='ocrx_word' id='word_1_236' title='bbox 1280 2732 1469 2787; x_wconf 69' lang='lat' dir='ltr'><strong>primfim</strong></span> <span class='ocrx_word' id='word_1_237' title='bbox 1493 2733 1607 2774; x_wconf 85' lang='lat' dir='ltr'><strong>Prae-</strong></span> 
     </span>
     <span class='ocr_line' id='line_1_32' title="bbox 233 2805 1608 2869; baseline -0.001 -20"><span class='ocrx_word' id='word_1_238' title='bbox 233 2807 403 2869; x_wconf 83' lang='lat' dir='ltr'><strong>positus</strong></span> <span class='ocrx_word' id='word_1_239' title='bbox 427 2807 651 2850; x_wconf 88' lang='lat' dir='ltr'><strong>Generalis</strong></span> <span class='ocrx_word' id='word_1_240' title='bbox 673 2822 750 2863; x_wconf 88' lang='lat' dir='ltr'><strong>per</strong></span> <span class='ocrx_word' id='word_1_241' title='bbox 772 2822 830 2859; x_wconf 86' lang='lat' dir='ltr'><strong>se,</strong></span> <span class='ocrx_word' id='word_1_242' title='bbox 853 2815 895 2849; x_wconf 91' lang='lat' dir='ltr'><strong>et</strong></span> <span class='ocrx_word' id='word_1_243' title='bbox 915 2822 994 2862; x_wconf 88' lang='lat' dir='ltr'><strong>per</strong></span> <span class='ocrx_word' id='word_1_244' title='bbox 1015 2806 1118 2848; x_wconf 84' lang='lat' dir='ltr'><strong>alios</strong></span> <span class='ocrx_word' id='word_1_245' title='bbox 1141 2805 1366 2847; x_wconf 84' lang='lat' dir='ltr'><strong>admittere</strong></span> <span class='ocrx_word' id='word_1_246' title='bbox 1398 2806 1442 2847; x_wconf 93' lang='lat' dir='ltr'><strong>in</strong></span> <span class='ocrx_word' id='word_1_247' title='bbox 1471 2807 1608 2848; x_wconf 90' lang='lat' dir='ltr'><strong>domi-</strong></span> 
     </span>
    </p>
   </div>
  </div>
 </body>
</html>
