2004 3294
332 298 410 334 126
829 308 1264 336 CONSTITUTIONL'M

328 717 381 751 10

331 1831 378 1866 11

414 416 580 457 catione
602 425 645 457 et
667 417 958 459 satisfactione
980 419 1194 474 perspecti
1212 419 1264 459 ad
1287 419 1596 474 professionem
1615 419 1784 460 admitti

414 490 585 532 debent.
649 491 718 532 Sic
741 492 870 542 enim,
892 492 991 532 lieet
1021 492 1255 533 multitudo
1288 499 1504 548 augescat,
1526 509 1614 535 non
1644 493 1786 534 immi-

413 572 584 615 nuetur,
614 580 692 605 nee
729 565 909 606 debilior
943 566 1146 606 reddetur
1182 566 1373 620 spiritus,
1411 567 1514 608 dum
1546 568 1652 608 tales
1684 567 1785 619 sint,

414 638 488 692 qui
509 638 553 678 in
578 638 804 679 Societatis
826 653 982 693 eorpus
1005 646 1276 693 eooptantur.

414 711 525 752 Cum
547 711 662 752 bona
682 720 725 752 et
746 712 858 752 mala
879 711 1031 767 eapitis
1059 712 1268 753 habitudo
1290 713 1335 753 in
1356 714 1605 755 universum
1627 728 1784 769 eorpus

411 786 625 827 redundet
647 803 658 837 3
711 800 983 841 summopere
1032 787 1237 838 conferet,
1281 787 1316 828 si
1367 788 1516 829 electio
1560 787 1787 843 Praepositi

417 861 641 902 Generalis
664 875 713 902 ea
745 861 814 912 sit,
847 876 944 915 quae
974 862 1020 902 in
1051 876 1167 903 nona
1196 870 1318 917 parte
1351 863 1565 918 descripta
1586 870 1665 904 est.
1726 862 1786 903 Et

413 942 512 989 post
533 936 645 975 hanc
668 935 936 987 electionem,
958 935 1031 976 illa
1051 936 1228 977 maximi
1259 936 1339 977 erit
1370 937 1594 988 momenti,
1615 950 1702 991 qua
1720 936 1786 976 in-

412 1008 583 1049 feriores
608 1009 832 1064 Praepositi
853 1009 898 1050 in
922 1009 1174 1062 Provinciis,
1196 1018 1238 1051 et
1262 1010 1481 1065 Collegiis,
1504 1025 1552 1052 ae
1567 1009 1785 1051 Domibus

413 1082 638 1123 Societatis
660 1083 891 1138 eliguntur.
953 1084 1067 1124 Nam
1095 1084 1181 1125 fere
1213 1085 1359 1138 quales
1397 1084 1442 1125 hi
1478 1084 1652 1135 fuerint,
1679 1083 1786 1125 tales

413 1161 455 1196 et
476 1172 623 1197 eorum
646 1158 807 1198 subditi
829 1166 969 1199 erunt.
1032 1158 1178 1199 Refert
1210 1158 1337 1199 etiam
1369 1172 1644 1213 magnopere,
1674 1172 1786 1212 prae-

413 1239 476 1271 ter
498 1231 763 1283 electionem,
787 1233 821 1272 si
846 1232 1070 1287 Praepositi
1092 1232 1371 1287 particulares
1393 1232 1437 1272 in
1470 1232 1551 1273 sibi
1574 1232 1786 1283 subditos,

413 1312 454 1344 ct
479 1305 702 1346 Generalis
724 1307 767 1346 in
789 1306 1083 1361 particulares,
1106 1322 1153 1347 ac
1187 1307 1335 1347 eontra
1359 1306 1550 1348 Societas
1572 1306 1617 1347 in
1641 1305 1787 1347 Gene-

411 1379 543 1419 ralem
570 1382 634 1433 (ut
656 1380 699 1420 in
722 1395 837 1421 nona
866 1388 988 1436 parte
1020 1381 1284 1422 declaratum
1317 1382 1397 1433 est)
1423 1381 1610 1421 multum
1642 1388 1787 1436 potes-

413 1455 512 1496 tatis
527 1456 728 1508 habeant,
744 1456 820 1508 ita,
836 1465 885 1497 ut
902 1471 1051 1498 omnes
1074 1457 1128 1497 ad
1147 1456 1313 1497 bonum
1336 1456 1481 1497 omnia
1501 1456 1671 1511 possint
1687 1473 1699 1508 3
1731 1464 1788 1517 et³

413 1529 448 1570 si
470 1530 579 1570 male
601 1536 790 1585 agerent,
813 1531 989 1571 omnino
1013 1530 1195 1585 subjecti
1226 1530 1327 1571 sint.
1390 1530 1541 1572 Refert
1572 1530 1717 1582 etiam,
1738 1536 1787 1571 ut

414 1604 664 1659 Superiores
685 1605 904 1646 ministros
926 1605 1104 1646 idoneos
1131 1606 1196 1658 (ut
1220 1605 1265 1645 in
1297 1605 1447 1645 eadem
1478 1613 1600 1660 parte
1623 1605 1786 1645 dictum

413 1680 492 1731 est)
519 1679 572 1718 ad
604 1679 917 1720 ordinationem
948 1687 990 1719 et
1021 1678 1318 1719 executionem
1350 1693 1513 1730 rerum,
1535 1693 1632 1733 quae
1665 1692 1788 1733 spee-

414 1760 507 1793 tant
529 1752 583 1793 ad
604 1767 751 1793 eorum
774 1753 976 1803 officium,
998 1752 1198 1793 habeant.

417 1826 546 1868 Quod
578 1826 702 1881 juvat
735 1827 788 1867 ad
824 1827 1029 1867 unionem
1065 1826 1358 1867 membrorum
1394 1825 1523 1881 hujus
1562 1825 1787 1867 Societatis

413 1900 525 1941 inter
548 1915 607 1951 se,
629 1908 671 1941 et
694 1915 792 1941 eum
816 1915 893 1941 suo
916 1900 1073 1955 capite,
1094 1900 1281 1940 multum
1303 1899 1432 1940 etiam
1454 1900 1508 1940 ad
1529 1900 1788 1941 conservati-

415 1989 540 2014 onem
565 1974 668 2015 boni
691 1982 828 2014 status
851 1974 964 2014 illius
991 1973 1185 2028 juvabit:
1219 1972 1462 2028 eujusmodi
1484 1981 1549 2014 est
1572 1973 1617 2014 in
1637 1972 1787 2028 primis

412 2049 685 2090 voluntatum
726 2048 964 2100 vinculum,
1005 2048 1122 2102 quod
1163 2047 1348 2088 charitas
1390 2055 1470 2099 est,
1521 2054 1564 2088 et
1606 2054 1788 2089 mutuus

415 2141 546 2177 amor,
589 2141 717 2180 quem
760 2126 908 2166 crebra
957 2125 1307 2176 communicatio,
1359 2133 1401 2166 et
1451 2139 1596 2166 rerum
1637 2133 1790 2166 mutua

418 2200 583 2251 notitia,
617 2201 765 2240 eadem
803 2200 1012 2250 doctrina,
1047 2208 1088 2240 et
1120 2200 1162 2239 in
1196 2199 1415 2250 omnibus,
1452 2185 1664 2253 quantum
1697 2199 1790 2239 fieri

416 2282 573 2329 potest,
596 2273 866 2314 uniformitas
889 2273 1063 2314 nutriet.
1126 2274 1210 2313 Sed
1233 2274 1278 2314 in
1309 2273 1459 2328 primis
1491 2273 1536 2314 id
1566 2272 1788 2328 praestabit

417 2348 670 2389 obedientiae
702 2348 938 2398 vinculum,
971 2347 1087 2402 quod
1117 2347 1397 2402 particulares
1431 2361 1530 2388 eum
1563 2346 1653 2388 suis
1676 2346 1790 2387 Prae-

417 2422 582 2477 positis,
607 2430 650 2463 et
681 2423 759 2463 hos
791 2422 908 2476 ipsos
938 2422 1049 2462 inter
1080 2436 1123 2461 se
1152 2429 1194 2461 et
1227 2436 1325 2461 cuni
1359 2419 1720 2472 provincialibus,
1748 2425 1790 2460 et

415 2506 620 2551 utrosque
643 2511 741 2537 eum
761 2496 962 2537 Generali
984 2496 1119 2547 uniet,
1140 2495 1215 2546 ita,
1231 2504 1279 2536 ut
1302 2495 1414 2536 inter
1435 2509 1586 2537 omnes
1608 2494 1791 2550 diligen-

419 2580 484 2612 ter
505 2572 801 2612 subordinatio
824 2579 1028 2612 servetur.

417 2646 660 2687 Moderatio
681 2646 875 2687 laborum
898 2645 1027 2685 animi
1060 2651 1101 2685 et
1133 2645 1339 2700 eorporis,
1361 2652 1403 2686 et
1434 2645 1478 2685 in
1505 2642 1792 2686 Constitutio-

418 2720 560 2771 nibus,
594 2735 690 2775 quae
728 2721 781 2762 ad
823 2727 1024 2761 neutrum
1059 2727 1297 2761 extremum
1332 2719 1483 2774 rigoris
1512 2718 1578 2760 vel
1609 2717 1792 2759 dissolu-
