1987 3374
724 336 845 363 PARS
881 335 1048 362 SEXTA.
1564 325 1612 371 71

234 448 316 499 nis,
348 447 466 501 quod
498 446 643 487 divina
675 446 812 500 gratia
844 445 1051 500 consequi
1079 445 1312 500 possimus,
1342 445 1385 485 in
1420 445 1616 487 absoluta

234 521 430 563 omnium
469 519 846 561 Constitutionum
879 519 1193 570 observatione,
1226 519 1448 573 nostrique
1482 519 1615 560 Insti-

235 596 319 638 tuti
355 595 561 651 peculiari
598 595 762 636 ratione
802 595 1079 650 adimplenda
1120 594 1528 650 praetermittamus:
1573 604 1615 635 et

234 670 505 711 exactissime
548 684 698 711 omnes
740 685 893 710 nervos
926 669 1083 710 virium
1119 677 1366 710 nostrarum
1408 668 1463 709 ad
1503 669 1614 709 hanc

234 745 440 787 virtutem
463 744 737 787 Obedientiae
768 744 814 785 in
844 744 994 800 primis
1018 745 1198 786 Summo
1223 743 1439 795 Pontifici,
1461 744 1615 785 deinde

237 819 541 875 Superioribus
575 819 803 860 Societatis
835 819 1123 859 exhibendam
1155 819 1433 859 intendamus
1463 818 1537 869 ita,
1565 826 1615 858 ut

235 893 438 936 omnibus
460 894 506 934 in
528 893 672 944 rebus,
695 893 750 934 ad
772 907 879 947 quas
901 901 1046 948 potest
1069 908 1121 933 ex
1143 893 1350 933 charitate
1383 907 1427 933 se
1451 892 1615 934 Obedi-

235 967 352 1008 entia
382 967 628 1017 extendere,
658 967 713 1007 ad
738 966 830 1021 ejus
859 981 1009 1007 vocem
1037 966 1231 1021 perinde,
1253 981 1302 1007 ac
1332 968 1369 1007 si
1397 981 1423 1006 α
1450 967 1614 1007 Christo

233 1042 412 1082 Domino
448 1042 717 1095 egrederetur
760 1042 1108 1094 (quandoquidem
1148 1042 1281 1094 ipsius
1317 1042 1418 1092 loco,
1455 1055 1504 1081 ac·
1531 1055 1614 1093 pro

233 1117 367 1169 ipsius
389 1130 529 1157 amore
551 1120 592 1156 et
622 1117 858 1157 reverentia
890 1115 1166 1156 obedientiam
1193 1119 1458 1168 proestaiizus)
1484 1115 1613 1169 quam

232 1189 548 1246 promptissimi
569 1189 720 1241 simus,
742 1204 786 1230 re
810 1188 975 1244 quavis,
998 1194 1127 1244 atque
1151 1189 1256 1229 adeo
1277 1189 1421 1229 littera
1442 1203 1467 1229 a
1488 1188 1612 1229 nobis

233 1264 436 1305 inchoata
477 1278 556 1305 nec
599 1264 704 1304 dum
745 1264 936 1319 perfecta
973 1263 1117 1304 studio
1160 1262 1353 1304 celeriter
1385 1262 1614 1303 obediendi

232 1338 406 1389 relicta3
437 1338 493 1378 ad
513 1352 613 1379 eum
636 1352 817 1393 scopum
845 1338 956 1379 vires
988 1352 1138 1379 omnes
1170 1352 1218 1378 ac
1249 1336 1537 1378 intentionem
1568 1336 1613 1376 in

233 1413 425 1454 Domino
447 1413 765 1463 convertend03
798 1421 847 1453 ut
870 1420 1019 1454 sancta
1042 1412 1304 1454 Obedientia
1332 1419 1427 1453 tum
1448 1411 1493 1451 in
1516 1426 1613 1452 exe-

233 1487 422 1539 cutione,
444 1496 539 1528 tum
560 1487 605 1528 in
627 1487 864 1538 voluntate,
887 1495 981 1528 tum
1003 1487 1048 1527 in
1069 1487 1293 1528 intellectu
1325 1486 1380 1527 sit
1411 1486 1457 1526 in
1487 1485 1612 1527 nobis

233 1578 404 1618 semper
431 1563 550 1604 omni
578 1578 630 1604 ex
661 1572 783 1618 parte
814 1563 1034 1618 perfecta;
1067 1577 1167 1603 cum
1197 1577 1356 1617 magna
1383 1561 1613 1613 celeritate,

232 1637 444 1692 spirituali
480 1637 655 1692 gaudio,
693 1645 735 1677 et
772 1636 1104 1692 perseverantia,
1139 1636 1347 1690 quicquid
1388 1635 1513 1676 nobis
1547 1635 1612 1676 in-

225 1712 431 1768 junctum
465 1712 608 1762 fuerit,
644 1711 870 1762 obeundo3
914 1714 1051 1752 omnia
1081 1712 1205 1764 justa
1232 1725 1331 1762 esse,
1361 1711 1477 1752 nobis
1510 1725 1612 1764 per-

231 1788 468 1834 suadend0;
512 1800 668 1827 omnem
700 1787 947 1827 sententiam
979 1800 1028 1826 ccc
1057 1786 1269 1838 judicium
1300 1790 1488 1826 nostrum
1519 1799 1613 1825 con-

231 1863 414 1904 trarium
435 1876 540 1903 caeca
563 1862 742 1914 quadam
764 1861 997 1901 obedientia
1020 1861 1273 1914 abneqando,
1296 1868 1338 1901 et
1369 1860 1414 1900 id
1435 1859 1611 1914 quidem

230 1936 276 1977 in
308 1935 526 1987 omnibus,
558 1950 655 1989 quae
687 1949 712 1975 a
734 1934 962 1989 Superiore
995 1934 1303 1989 disponuntur,
1335 1934 1411 1974 ubi
1443 1933 1611 1974 definiri

232 2025 320 2052 non
343 2010 482 2065 possit
511 2009 895 2063 (quemadmodum
927 2008 1093 2048 dictum
1123 2010 1204 2061 est)
1240 2008 1415 2062 aliquod
1444 2007 1612 2062 peccati

232 2099 371 2140 genus
406 2083 686 2124 intercedere.
748 2082 808 2123 Et
845 2082 926 2123 sibi
961 2082 1143 2137 quisque
1185 2082 1457 2137 persuadeat,
1494 2082 1611 2136 quod

231 2159 307 2214 qui
329 2158 410 2199 sub
433 2157 695 2200 Obedientia
714 2156 882 2208 vivunt,
905 2172 949 2198 se
970 2157 1071 2198 ferri
1093 2171 1140 2197 ac
1162 2156 1253 2211 regi
1285 2171 1309 2196 a
1340 2156 1485 2196 divina
1508 2156 1611 2196 Pro-

231 2234 424 2275 videntia
444 2248 522 2289 per
544 2232 795 2288 Superiores
818 2247 919 2273 suos
943 2232 1080 2273 sinere
1104 2232 1263 2272 debent
1288 2233 1481 2285 perinde,
1504 2246 1553 2272 ae
1573 2233 1610 2271 si

233 2309 412 2350 cadaver
443 2312 591 2358 essent,
623 2307 741 2362 quod
775 2321 1101 2361 quoquoversus
1134 2306 1249 2357 ferri,
1278 2314 1320 2347 et
1352 2320 1610 2360 quacunque

232 2383 398 2424 ratione
420 2382 595 2424 tractari
616 2397 660 2424 se
683 2382 784 2423 sinit
803 2399 813 2431 ;
854 2382 922 2423 vel
944 2382 1153 2433 similiter,
1183 2390 1311 2437 atque
1344 2382 1458 2423 senis
1489 2382 1610 2422 bacu-

233 2460 310 2509 lus,
333 2457 422 2513 qui,
444 2457 709 2512 ubicunque,
731 2465 773 2498 et
796 2471 1055 2512 quacunque
1078 2457 1122 2497 in
1149 2472 1192 2497 re
1221 2457 1323 2498 velit
1354 2472 1404 2497 eo
1435 2456 1514 2507 uti,
1536 2457 1610 2510 qui

229 2548 330 2574 eum
358 2547 490 2573 manu
524 2538 657 2583 tenet,
689 2532 727 2572 ei
763 2531 954 2572 inservit.
1025 2531 1095 2572 Sic
1130 2531 1244 2571 enim
1279 2531 1484 2571 obediens
1516 2545 1606 2571 rem

232 2622 552 2663 quamcunque,
574 2607 643 2648 cui
665 2621 764 2648 eum
788 2607 993 2662 Superior
1023 2607 1077 2646 ad
1109 2605 1315 2646 auxilium
1351 2606 1485 2647 totius
1518 2620 1610 2647 cor-

229 2682 347 2738 poris
371 2681 732 2737 Congregationis
755 2681 856 2722 velit
888 2680 1149 2736 impendere,
1172 2695 1270 2720 cum
1303 2679 1435 2720 animi
1466 2679 1609 2720 hilari-

229 2765 317 2797 tate
340 2755 468 2796 debet
491 2755 658 2810 exequi,
682 2769 730 2796 ac
753 2757 914 2796 omnino
938 2756 1192 2804 emistimare,
1216 2754 1334 2809 quod
1365 2769 1413 2795 ea
1444 2753 1607 2795 ratione

230 2831 391 2886 potiuS,
413 2831 542 2886 quam
571 2845 614 2871 re
647 2830 727 2871 alia
759 2830 923 2885 quavis,
957 2844 1085 2884 quam
1111 2837 1314 2884 praestare
1344 2829 1479 2884 possit
1506 2843 1608 2882 pro-

844 2909 916 2944 ΡΞ)
