2004 3294
328 286 406 322 108
824 298 1255 327 CONSTITUTIONUM

375 2481 396 2516 U!

414 406 508 457 bus,
530 407 597 447 vel
620 407 836 463 Collegiis,
858 410 923 449 vel
953 410 1199 464 ubicunque
1231 410 1373 460 libeat,
1404 409 1561 463 poterit
1593 422 1678 460 eos,
1701 407 1774 462 qui

413 480 467 520 ad
498 479 746 522 institutum
777 482 1000 523 Societatis
1031 483 1068 523 ei
1104 483 1246 524 idonei
1276 482 1561 533 videbuntur3
1608 482 1694 522 sive
1720 482 1774 522 ad

410 553 721 607 probationem,
744 555 830 595 sive
861 556 914 595 ad
945 555 1268 610 professionem,
1300 556 1386 596 sive
1418 555 1460 595 in
1485 555 1770 610 Coadjutores

411 626 629 676 formatos,
651 627 717 666 vel
750 627 1035 668 Scholasticos
1067 628 1326 682 approbatos
1356 627 1644 668 admittendos
1675 642 1775 668 cen-

414 707 516 740 seat.
579 701 740 741 Poterit
762 701 889 741 etiam
912 701 1084 741 eosdem
1107 701 1335 752 dimittere,
1357 709 1398 742 et
1430 716 1454 741 a
1477 701 1688 742 Societate
1710 715 1775 741 re-

414 788 596 814 movere.

414 846 622 901 Ejusdem
644 848 736 898 erit,
759 862 866 902 quos
895 848 1128 889 mittendos
1154 848 1423 903 judicaverit,
1445 854 1488 888 et
1519 848 1776 902 quocunque

414 921 541 971 volet,
570 922 623 961 ad
655 922 797 962 studia
827 921 1064 962 litterarum
1093 922 1276 962 mittere.
1338 921 1500 962 Poterit
1533 929 1574 961 et
1605 920 1777 961 eosdem

415 1010 609 1037 revocare
642 1004 754 1046 ante,
777 1004 818 1036 et
849 1004 947 1051 post
979 996 1175 1036 absoluta
1206 996 1361 1046 studia,
1384 1010 1431 1036 ac
1463 995 1692 1035 transferre
1724 993 1777 1034 ab

414 1084 501 1110 uno
532 1070 576 1109 in
611 1069 740 1109 alium
773 1070 930 1120 locum,
958 1075 1087 1124 prout
1117 1070 1170 1109 ad
1201 1070 1392 1124 ipsorum
1421 1069 1691 1124 particulare,
1712 1067 1779 1108 vel

415 1144 469 1183 ad
489 1143 725 1183 universale
753 1143 914 1183 bonum
941 1143 1164 1184 Societatis
1196 1143 1332 1197 inagis
1365 1143 1590 1184 convenire
1621 1142 1666 1182 in
1688 1142 1779 1182 Do-

414 1219 531 1260 mino
554 1219 828 1260 existimabit.

415 1293 568 1333 Totam
609 1292 783 1333 habebit
835 1292 1290 1347 superintendentiam,
1333 1298 1375 1333 et
1425 1291 1780 1347 gubernationem

418 1367 731 1421 Collegiorum3
769 1368 884 1421 quod
913 1367 966 1407 ad
998 1367 1298 1418 Scholasticos,
1329 1375 1370 1407 et
1403 1367 1708 1421 Praeceptores,
1740 1374 1782 1406 et

420 1441 636 1482 Officiales
670 1441 851 1492 attinet3
895 1441 1006 1481 inter
1039 1456 1146 1495 quos
1179 1441 1339 1496 primas
1373 1448 1521 1481 tenent
1551 1441 1753 1481 Rectores
1772 1456 1783 1489 ;

418 1530 526 1570 quos
548 1515 822 1565 constituere,
837 1529 884 1555 ac
906 1529 1121 1555 removere
1144 1514 1316 1569 poterit,
1334 1528 1513 1568 eamque
1535 1513 1783 1554 facultatem

420 1589 580 1629 eisdem
614 1587 944 1639 communicare,
987 1602 1116 1642 quam
1158 1587 1338 1628 senserit
1379 1587 1423 1627 in
1457 1586 1647 1627 Domino
1683 1600 1785 1626 con-

420 1663 589 1713 venire,
640 1668 683 1702 et
717 1677 794 1716 pcr
834 1661 1083 1716 hujusmodi
1125 1662 1329 1702 Rectores
1371 1659 1785 1701 administrationem

423 1736 713 1791 Collegiorum
745 1735 957 1776 exercebit
991 1735 1034 1774 in
1072 1734 1137 1785 iis,
1166 1749 1262 1788 quae
1295 1735 1349 1774 ad
1379 1734 1572 1784 aedificia,
1603 1741 1645 1774 et
1676 1741 1784 1774 tem-

419 1809 580 1865 poralia
619 1809 810 1864 ipsorum
851 1808 964 1849 bona
1004 1808 1048 1847 in
1092 1808 1457 1849 Scholasticorum
1499 1822 1626 1847 usum
1668 1821 1784 1848 com-

420 1891 567 1939 parata
588 1882 830 1937 pertinent3
861 1890 909 1921 ut
931 1881 975 1921 in
997 1881 1149 1921 litteris
1171 1881 1432 1935 Apostolicis
1454 1880 1712 1920 continetur

424 1955 603 1998 Curabit
631 1955 773 2005 etiam,
801 1962 850 1994 ut
878 1954 939 1994 illi
971 1954 1179 1994 rationem
1217 1953 1344 1994 officii
1372 1953 1438 1993 sui
1464 1967 1513 1993 eo
1541 1953 1684 2003 modo,
1712 1952 1786 2007 qui

423 2029 648 2071 convenire
670 2027 853 2068 maxime
874 2026 1102 2077 videbitur,
1122 2027 1318 2067 reddant.
1380 2026 1438 2066 Et
1461 2025 1578 2080 quod
1611 2026 1662 2066 de
1687 2025 1786 2066 Col-

423 2103 544 2158 legiis
585 2101 755 2151 dicitur,
797 2101 848 2140 de
883 2100 1247 2140 Universitatibus
1285 2098 1508 2140 Societatis
1549 2098 1640 2153 ejus
1673 2112 1787 2139 curae

427 2174 665 2217 commissis
697 2174 860 2214 dictum
890 2173 1168 2227 intelligatur.
1239 2174 1323 2213 Res
1355 2172 1469 2213 enim
1492 2183 1659 2222 earum,
1690 2185 1786 2226 quae

427 2251 479 2292 ad
503 2251 602 2291 vitae
639 2264 686 2289 ac
723 2248 926 2289 doctrinae
963 2247 1279 2288 institutionem
1315 2247 1546 2302 pertinent,
1580 2245 1784 2287 adminis-

429 2335 552 2376 trare,
575 2323 799 2378 Praepositi
823 2321 1046 2363 Generalis
1066 2336 1226 2361 munus
1248 2322 1326 2362 erit
1344 2339 1354 2372 3
1386 2321 1502 2376 quod
1532 2335 1609 2376 per
1630 2320 1788 2362 Minis-

430 2409 517 2440 tros
540 2413 563 2439 a
585 2413 628 2439 se
653 2397 779 2452 juxta
800 2395 1141 2437 Constitutiones
1163 2395 1421 2436 constitutos
1443 2394 1668 2435 exercebit.

432 2474 528 2515 Erit
558 2473 661 2513 item
691 2485 824 2526 penes
848 2469 1131 2524 Praepositum
1156 2468 1411 2509 Generalem
1442 2468 1582 2509 omnis
1611 2467 1791 2509 facultas

432 2546 586 2602 agendi
617 2545 789 2600 quosvis
820 2550 1064 2584 contractus
1092 2542 1361 2597 emptionum
1393 2547 1466 2582 aut
1496 2541 1792 2583 venditionum

435 2619 724 2676 quorumlibet
755 2618 966 2658 bonorum
998 2616 1297 2670 temporalium
1327 2615 1552 2656 mobilium
1583 2622 1671 2655 tam
1703 2614 1794 2654 Do-

433 2707 616 2742 morum,
648 2706 775 2746 quam
799 2690 1087 2745 Collegiorum
1118 2689 1356 2739 Societatis,
1388 2696 1430 2729 et
1460 2686 1724 2742 imponendi,
1746 2700 1794 2727 ac

434 2766 670 2810 redimendi
702 2764 915 2819 quoslibet
945 2777 1098 2804 census
1131 2777 1258 2817 super
1278 2762 1403 2803 bonis
1426 2759 1648 2802 stabilibus
1680 2759 1795 2814 ipso-
