1987 3374
166 1117 217 1153 12

735 335 855 361 PARS
890 336 1089 363 TER'rlA.
1588 332 1638 367 25

259 444 375 486 aliud
410 443 630 499 Superiori
672 444 916 486 videretur:
962 454 1004 487 et
1038 461 1152 487 unus
1190 447 1386 488 omnium
1428 449 1483 489 sit
1519 450 1635 491 Con-

257 518 460 559 fessarius
497 518 551 559 ab
585 518 736 560 eodem
769 519 998 575 Superiore
1034 520 1312 573 constitutus,
1344 522 1462 576 quod
1490 523 1526 563 si
1547 524 1637 565 fieri

256 606 344 633 non
375 592 549 647 poterit,
579 592 761 647 quisque
794 602 907 635 certe
940 609 1067 635 suum
1101 595 1299 636 stabilem
1330 595 1488 637 habeat
1521 596 1636 638 Con-

255 666 496 718 fessarium,
519 667 588 707 cui
611 682 733 708 suam
757 668 1065 709 conscientiam
1097 684 1274 724 prorsus
1307 670 1483 725 aperiat.
1548 671 1635 713 Qui

255 742 431 797 quidem
461 742 762 784 Confessarius
799 758 886 784 non
928 744 1112 798 ignoret,
1147 746 1218 797 qui
1255 759 1375 786 casus
1414 746 1633 799 Superiori

252 821 531 857 reserventur.
596 817 665 857 Illi
693 824 839 858 autem
860 817 1211 869 reservabuntur,
1234 833 1343 872 quos
1375 819 1427 860 ab
1461 834 1510 860 eo
1533 835 1634 875 cog-

253 890 374 932 nosci
395 890 685 931 necessarium
707 890 936 942 videbitur,
959 900 1033 932 aut
1064 891 1187 932 valde
1219 893 1506 945 conveniens,
1546 908 1630 948 quo

251 963 406 1005 melius
428 972 472 1005 et
492 964 731 1005 remedium
763 964 966 1006 adhibere
998 964 1150 1019 possit,
1173 973 1215 1006 et
1248 980 1337 1006 suae
1369 981 1482 1007 curae
1515 982 1630 1008 com-

250 1037 405 1079 missos
426 1052 685 1093 praeservare
707 1037 761 1079 ab
783 1037 1000 1090 omnibus,
1023 1052 1120 1093 quae
1142 1039 1340 1080 nocitura
1361 1049 1477 1081 sunt.

252 1111 439 1154 Perutile
472 1112 567 1164 erit,
600 1127 693 1154 esse
736 1112 854 1154 domi
895 1112 1082 1168 aliquem
1117 1113 1256 1154 virum
1299 1114 1470 1155 fidelem
1507 1120 1550 1155 et
1583 1115 1628 1156 in

247 1188 377 1230 rebus
411 1188 708 1244 spiritualibus
751 1188 1013 1230 sufficienter
1054 1197 1287 1241 versatum,
1329 1190 1404 1244 qui
1440 1190 1627 1232 instruat

247 1277 321 1304 eos
354 1277 403 1304 ac
439 1263 605 1315 doceat,
641 1263 859 1318 quomodo
902 1270 945 1304 et
986 1262 1181 1314 interius,
1224 1271 1266 1305 et
1306 1264 1493 1306 exterius
1537 1280 1627 1306 sese

246 1337 404 1379 habere
421 1337 607 1378 debeant
621 1336 749 1392 juxta
772 1337 999 1379 societatis
1022 1337 1273 1380 institutum
1296 1353 1344 1379 ac
1360 1339 1627 1394 religionem,

247 1419 291 1453 et
312 1412 367 1452 ad
386 1411 432 1452 id
453 1426 525 1453 eos
547 1412 758 1463 hortetur,
775 1420 817 1452 et
838 1412 884 1452 in
905 1412 1157 1453 memoriam
1179 1413 1359 1468 redigat,
1378 1422 1420 1454 et
1434 1422 1628 1455 amanter

247 1485 496 1526 admoneat:
530 1500 660 1540 quem
682 1500 831 1526 omnes
854 1485 929 1540 qui
950 1485 995 1526 in
1018 1485 1270 1540 probatione
1295 1493 1412 1539 sunt,
1428 1487 1626 1543 diligant,

246 1560 302 1602 ad
323 1575 452 1615 quem
474 1560 519 1600 in
542 1560 631 1601 suis
651 1560 962 1601 tentationibus
985 1560 1253 1615 confugiant,
1271 1561 1341 1602 cui
1358 1563 1626 1604 confidenter

245 1648 324 1675 sua
344 1633 489 1675 omnia
510 1634 730 1688 detegant,
752 1642 793 1674 et
818 1648 841 1674 a
866 1648 951 1688 quo
985 1634 1324 1675 consolationem
1354 1644 1395 1676 et
1418 1636 1625 1677 auxilium

243 1708 289 1749 in
310 1708 512 1750 omnibus
542 1716 716 1763 sperent
748 1708 793 1748 in
816 1708 1036 1749 Domino:
1070 1716 1111 1749 et
1144 1708 1474 1761 admoneantur,
1507 1711 1623 1765 qubd

242 1783 408 1825 nullam
430 1783 617 1824 debeant
639 1783 774 1824 celare
798 1782 1097 1833 tentationem,
1121 1797 1251 1838 quam
1278 1784 1394 1835 huic,
1417 1785 1485 1825 vel
1508 1785 1624 1826 Con-

241 1858 433 1910 fessario‚
469 1858 537 1900 vel
580 1857 799 1913 Superiori
842 1872 929 1898 non
972 1857 1180 1912 aperiant,
1223 1858 1310 1899 imo
1351 1873 1450 1900 vero
1494 1864 1624 1901 totam

206 1961 212 1964 -
242 1935 423 1975 animam
459 1947 577 1974 suam
610 1934 696 1973 illis
733 1933 894 1985 intem&
929 1933 1196 1984 manffestam
1234 1948 1334 1984 esse,
1372 1942 1622 1989 pergratum

152 2459 202 2496 13

240 2008 454 2050 habeant:
487 2022 567 2048 nec
590 2007 730 2048 solum
757 2006 952 2047 defectus
985 2006 1193 2060 aperiant,
1217 2009 1292 2048 sed
1323 2008 1452 2049 etiam
1484 2010 1622 2063 poeni-

241 2082 413 2133 tentias,
446 2081 514 2122 vel
554 2080 922 2131 mortificationes,
965 2088 1007 2120 et
1050 2080 1315 2132 devotiones,
1358 2096 1405 2122 ac
1439 2083 1621 2125 virtutes

242 2171 408 2207 omnes,
438 2156 660 2196 voluntate
692 2169 800 2210 pura
831 2161 1032 2209 optantes
1065 2154 1117 2194 ab
1150 2154 1232 2195 illis
1265 2155 1405 2211 dirigi,
1429 2157 1566 2198 sicubi
1597 2173 1621 2199 a

238 2229 498 2272 rectitudine
520 2229 813 2279 deflecterent,
836 2228 1032 2270 nolentes
1054 2242 1127 2269 suo
1149 2231 1326 2282 proprio
1349 2244 1470 2271 sensu
1493 2232 1619 2283 duci3

238 2305 322 2346 nisi
344 2303 571 2346 conveniat
593 2318 693 2344 cum
717 2303 883 2359 judicio
912 2303 1098 2354 illorum,
1121 2318 1229 2357 quos
1258 2305 1416 2345 Christi
1447 2306 1618 2347 Domini

237 2381 372 2421 nostri
393 2381 479 2421 loeo
501 2379 676 2420 habent.

236 2454 517 2496 Antevertere
559 2460 729 2509 oportet
771 2453 1047 2503 tentat-iones,
1090 2451 1294 2493 adhibitis
1332 2468 1478 2494 earum
1513 2469 1615 2495 con-

236 2527 404 2570 trariis:
435 2535 486 2569 ut
507 2542 607 2569 cum
638 2528 735 2583 quis
767 2526 1123 2569 animadvertitur
1153 2526 1208 2567 ad
1240 2526 1489 2581 superbiam
1521 2542 1614 2570 esse

234 2618 493 2660 propensus,
515 2603 702 2645 exerceri
722 2603 758 2644 is
788 2602 917 2644 debet
948 2602 1000 2643 in·
1024 2601 1154 2643 rebus
1183 2601 1487 2657 abjectioribus
1520 2617 1616 2658 quae

233 2679 289 2720 ad
318 2677 637 2720 humiliandum
667 2677 812 2733 ipsum
842 2677 971 2718 utiles
1002 2676 1159 2717 futurae
1191 2675 1443 2718 videantur:
1487 2685 1529 2718 et
1553 2678 1613 2719 sic

233 2755 286 2796 de
307 2754 400 2796 aliis
421 2753 564 2810 pravis
586 2753 742 2795 animae
763 2752 1142 2809 propensionibus.

147 2835 201 2873 14
234 2831 447 2873 Praeterea
479 2830 717 2871 honestatis
752 2837 794 2871 et
828 2828 1035 2870 decentiae
1077 2827 1241 2869 ratione
1279 2829 1495 2880 convenit,
1531 2829 1607 2870 foe-
