2004 3294
374 271 396 305 10

402 271 425 306 [Ο

399 615 424 650 10

880 285 1311 316 CONSTITUTIONUM

458 390 600 432 debita
621 407 729 447 opus
751 403 842 434 est:
875 404 916 436 et
938 396 997 436 ita
1018 405 1168 451 agetur
1197 398 1334 452 primo
1367 397 1459 438 loeo
1487 397 1658 452 quidem
1682 398 1733 439 de
1756 397 1821 449 iis,

458 478 552 518 quae
584 466 637 506 ad
668 467 881 518 animam3
928 471 1115 510 secundo
1152 471 1203 511 de
1237 471 1302 521 iis,
1331 486 1425 525 quae
1457 471 1510 512 ad
1543 486 1696 527 corpus
1725 486 1820 526 per-

456 538 608 580 tinent.

458 611 587 653 Quod
616 614 669 654 ad
696 615 881 655 animam
913 617 1082 667 attinet,
1110 617 1207 657 eum
1239 618 1348 658 tanti
1375 618 1542 669 referat,
1563 633 1650 670 eos,
1670 619 1744 672 qui
1774 618 1819 659 in

455 686 779 740 probationibus
815 697 1053 740 versantur,
1095 690 1147 730 ab
1189 690 1390 731 omnibus
1426 691 1819 746 imperfectionibus

454 767 495 799 et
521 760 742 813 quibusvis
778 761 1097 816 impedimentis
1132 763 1305 819 majoris
1337 763 1569 819 spiritualis
1601 764 1819 819 profectus

453 847 668 874 removere
685 851 697 885 3
743 835 927 876 multum
950 836 1004 876 ad
1035 837 1078 877 id
1112 837 1291 888 confert,
1327 852 1498 878 omnem
1530 837 1819 878 communica-

454 905 614 947 tionem
636 922 713 962 per
732 909 874 960 verba,
897 918 939 950 et
961 910 1119 965 scripta
1150 918 1199 951 ut
1231 910 1431 966 abjiciant
1462 925 1561 952 eum
1591 910 1658 962 iis,
1679 910 1753 965 qui
1773 910 1818 951 in

453 981 673 1035 proposito
695 982 776 1040 sibi
797 983 996 1024 instituto
1027 984 1320 1039 intepescendi
1352 998 1480 1025 eausa
1510 998 1601 1025 esse
1627 992 1818 1039 possent,

450 1061 493 1094 et
520 1062 569 1095 ut
597 1055 640 1094 in
666 1055 732 1095 via
768 1056 976 1111 spirituali
1010 1057 1248 1099 incedendo
1282 1073 1381 1098 cum
1406 1058 1457 1099 iis
1483 1058 1693 1099 duntaxat
1720 1072 1817 1113 per-

450 1128 580 1179 sonis,
621 1138 663 1170 et
704 1130 753 1171 iis
795 1131 846 1171 de
887 1131 1015 1172 rebus
1057 1140 1200 1187 agant,
1243 1147 1337 1187 quae
1381 1132 1536 1187 juvent
1586 1132 1631 1172 in
1672 1132 1817 1173 divino

449 1201 653 1256 obsequio
675 1204 729 1244 ad
756 1204 800 1244 id
829 1206 1193 1259 consequendum,
1225 1206 1340 1260 quod
1371 1206 1415 1246 in
1446 1205 1641 1260 ingressu
1674 1205 1816 1247 Socie-

449 1276 549 1316 tatis
572 1277 651 1317 sibi
673 1285 722 1318 ut
744 1292 922 1334 scopum
944 1280 1239 1335 praefigebant.

451 1350 614 1391 Eadem
644 1352 695 1392 de
724 1367 851 1393 eausa
879 1354 1023 1409 egredi
1055 1355 1183 1395 domo
1214 1369 1301 1395 non
1330 1354 1503 1405 debent,
1525 1354 1608 1394 nisi
1629 1354 1818 1408 quando,

448 1433 609 1466 etcum
632 1441 716 1480 quo
745 1427 859 1468 socio
882 1428 1100 1483 Superiori
1130 1428 1271 1469 visum
1302 1428 1444 1469 fuerit.
1505 1428 1600 1469 Nee
1625 1427 1742 1469 domi
1772 1427 1818 1468 hi

448 1514 546 1541 cum
572 1500 653 1540 illis
684 1500 813 1542 libere
841 1512 921 1556 ‘pro
945 1517 1021 1543 suo
1044 1502 1252 1544 arbitratu
1279 1502 1592 1557 colloquantur,
1615 1502 1691 1544 sed
1717 1516 1816 1543 cum

446 1574 497 1615 iis
518 1574 702 1625 tantum,
724 1575 797 1630 qui
828 1590 852 1616 a
885 1576 1110 1631 Superiore
1141 1576 1383 1632 praescripti
1413 1576 1601 1627 fuerint3
1633 1591 1815 1631 quorum

447 1649 641 1703 exemplo
683 1657 725 1690 et
776 1650 1068 1704 spiritualibus
1116 1650 1338 1704 colloquiis
1379 1650 1707 1692 aedjficationem
1747 1665 1817 1692 ac-

447 1722 622 1776 cipiant,
644 1737 728 1763 non
754 1731 896 1764 autem
919 1724 1212 1776 offensionem,
1234 1731 1276 1765 et
1297 1724 1524 1779 proficiant
1544 1724 1589 1764 in
1612 1723 1816 1766 Domino.

449 1796 613 1837 Omnes
655 1796 981 1851 diligentissime
1023 1806 1173 1839 curent
1206 1806 1353 1853 portas
1395 1812 1601 1838 sensuum
1638 1811 1814 1838 suorum

451 1870 686 1924 (oculorum
708 1871 937 1926 praeeipue,
959 1872 1141 1924 aurium,
1166 1880 1208 1913 et
1235 1872 1409 1927 linguae)
1436 1871 1489 1912 ab
1515 1871 1633 1913 omni
1660 1871 1814 1912 intem-

446 1944 640 1999 perantia
660 1945 727 1985 vel
747 1945 849 1986 vitio
872 1946 1101 1997 custodire,
1123 1960 1171 1986 ae
1194 1961 1237 1987 se
1258 1945 1303 1986 in
1325 1959 1429 2000 pace
1451 1952 1494 1985 et
1525 1959 1624 1986 vera
1643 1945 1816 1986 humili-

448 2026 534 2059 tate
576 2019 744 2060 interna
784 2034 1048 2072 conservare,
1090 2028 1131 2061 et
1181 2034 1275 2060 eam
1319 2019 1363 2060 in
1406 2019 1590 2073 silentio,
1631 2019 1730 2060 eum
1770 2018 1816 2060 id

448 2093 762 2134 observandum
803 2102 896 2145 est3
947 2094 1045 2135 eum
1087 2102 1231 2135 autem
1266 2093 1531 2148 loquendum
1566 2093 1611 2133 in
1647 2093 1816 2134 circun-

449 2167 665 2222 spectione
694 2174 736 2207 et
764 2167 1045 2208 aedificatione
1073 2167 1316 2218 verborum,
1346 2174 1389 2208 et
1413 2166 1623 2208 modestia
1654 2166 1816 2217 vultus,

450 2256 497 2281 ac
533 2241 683 2281 decore
717 2241 803 2282 sive
838 2241 1045 2295 gravitate
1081 2241 1274 2282 incessus
1307 2248 1590 2295 motuumque
1620 2240 1814 2282 omnium

450 2315 540 2356 sinc
572 2315 658 2355 ullo
684 2315 962 2370 impatientiae
995 2323 1070 2356 aut
1102 2315 1314 2370 superbia}
1351 2315 1474 2369 signo
1501 2314 1726 2366 exhibere;
1770 2314 1814 2354 in

450 2390 650 2431 omnibus
671 2390 940 2445 procurando
962 2397 1088 2444 atque
1119 2389 1309 2444 optando
1340 2389 1528 2444 potiores
1558 2396 1702 2444 partes
1723 2387 1816 2429 aliis

450 2464 625 2514 deferre,
656 2478 804 2504 omnes
840 2464 884 2504 in
917 2464 1060 2504 animo
1094 2478 1171 2504 suo
1208 2472 1411 2517 tanquam
1449 2462 1529 2503 sibi
1567 2461 1815 2517 Superiores

450 2538 660 2588 ducendo,
702 2547 743 2578 et
785 2537 969 2579 exterius
1014 2538 1219 2579 honorem
1261 2552 1309 2578 ac
1350 2536 1646 2586 reverentiam,
1687 2549 1815 2590 quam

449 2612 577 2665 exigit
611 2612 816 2667 cujusque
843 2620 995 2664 statuS,
1026 2627 1124 2652 cum
1159 2612 1430 2666 simplicitate
1456 2620 1499 2652 et
1526 2609 1815 2651 moderatione

449 2685 643 2739 religiosa
675 2686 942 2727 exhibendo:
989 2694 1115 2740 atquc
1154 2686 1212 2726 ita
1242 2687 1330 2736 fiat,
1361 2694 1406 2727 ut
1443 2700 1486 2726 se
1523 2683 1676 2725 mutui>
1713 2696 1811 2723 con-
