2004 3294
291 276 342 311 58

790 284 1222 311 CONSTITUTIONUM

377 393 654 434 scholasticos
684 393 974 443 celebrandos,
1012 401 1053 433 ct
1085 393 1265 447 gradum
1298 390 1531 445 magisterii
1564 389 1745 444 suscipi-

378 467 537 508 endum
558 467 624 518 iis,
641 467 713 521 qui
736 482 833 507 cum
857 466 1097 520 suscepturi
1121 474 1236 516 sunt,
1250 465 1527 519 relinquetur.
1577 464 1743 505 Cursus

379 541 545 596 integer
566 541 695 581 trium
718 541 797 581 erit
819 555 1029 581 annorum
1053 555 1150 580 cum
1184 539 1360 579 dimidio
1393 553 1529 593 usque
1560 538 1615 579 ad
1644 552 1743 592 pro-

378 615 612 656 motionem
635 615 688 654 ad
708 613 1017 669 magisterium.
1080 612 1270 666 Singulis
1301 619 1444 652 autem
1476 611 1599 651 annis
1629 625 1743 651 unus

378 687 626 742 hujusmodi
668 701 818 727 cursus
868 685 1155 735 inchoabitur,
1206 693 1247 725 et
1300 684 1407 725 alius
1458 699 1557 724 cum
1599 684 1743 725 divino

380 760 536 801 auxilio
558 759 815 801 absolvetur.

377 834 623 889 Theologiae
652 833 912 874 curriculum
947 847 1020 874 sex
1053 833 1177 873 annis
1209 832 1448 873 emetietur.
1510 831 1564 871 In
1595 830 1745 886 primis

379 916 562 963 quatuor
583 923 632 949 ea
663 907 819 958 omnia,
851 922 946 962 quae
978 906 1062 961 legi
1093 906 1322 961 oportebit,
1353 906 1669 961 praelegentur3
1700 904 1743 945 in

380 981 549 1023 duobus
590 982 779 1036 reliquis,
821 988 977 1036 praeter
1017 979 1331 1036 repetitionem,
1373 987 1494 1020 actus
1537 978 1650 1020 soliti
1691 978 1746 1019 ad

379 1056 560 1110 gradum
593 1056 839 1096 doctoratus
874 1055 917 1095 in
955 1054 1020 1105 iis,
1052 1054 1126 1108 qui
1155 1053 1436 1109 promovendi
1468 1061 1584 1104 sunt,
1607 1052 1745 1093 absol-

378 1137 547 1170 ventur.
610 1129 775 1171 Quarto
793 1143 963 1183 quoque
985 1143 1098 1168 anno
1120 1127 1331 1168 ordinarie
1353 1141 1504 1168 cursus
1525 1125 1746 1167 inchoabi-

378 1211 462 1253 tur,
479 1202 539 1243 sie
560 1202 679 1243 libris
701 1201 985 1257 praelegendis
1008 1201 1263 1251 distributis,
1278 1208 1326 1241 ut
1349 1200 1541 1254 quolibet
1562 1204 1747 1254 quatuor

378 1291 589 1317 annorum
631 1276 770 1330 quivis
813 1275 1031 1316 studiosus
1073 1275 1273 1315 inchoare
1325 1274 1462 1328 possit
1483 1290 1495 1323 ;
1546 1281 1589 1313 et
1629 1273 1747 1327 quod

376 1349 588 1404 reliquum
611 1356 676 1389 est
697 1348 873 1404 incoepti
894 1347 1178 1403 quadriennii,
1201 1356 1243 1388 et
1264 1346 1370 1402 ejus,
1402 1346 1518 1401 quod
1540 1345 1745 1400 sequitur,

377 1421 819 1478 quadriennissusque
847 1422 902 1463 ad
929 1422 1051 1462 illum
1079 1421 1327 1472 terminum,
1355 1420 1470 1461 unde
1498 1420 1747 1475 incoeperat,

377 1497 606 1548 audiendo,
628 1504 813 1551 quatuor
840 1495 964 1537 annis
996 1510 1198 1551 peragere
1230 1494 1406 1536 omnino
1438 1509 1612 1535 cursum
1632 1494 1746 1535 The-

377 1571 527 1626 ologiae
548 1571 700 1626 possit.

379 1644 430 1685 In
469 1645 672 1699 gradibus
707 1652 794 1685 tam
836 1643 1070 1699 magisterii
1106 1643 1294 1694 Artium,
1332 1642 1460 1697 quam
1496 1642 1744 1683 doctoratus

375 1718 622 1773 Theologiae
645 1718 725 1758 tria
756 1717 1064 1758 observentur:
1114 1717 1321 1768 Primum,
1352 1715 1504 1770 nequis
1536 1715 1619 1757 nisi
1650 1716 1745 1757 dili-

377 1797 528 1848 genter
549 1802 591 1833 et
621 1791 793 1847 publice
824 1791 1092 1832 examinatus
1127 1792 1219 1846 (per
1248 1804 1453 1846 personas
1485 1790 1744 1845 designatas,

379 1882 475 1922 quae
505 1867 614 1908 bene
647 1881 774 1907 suum
808 1866 995 1907 officium
1027 1866 1199 1919 faciant)
1226 1873 1268 1906 et
1298 1865 1478 1906 idoneus
1510 1865 1564 1906 ad
1594 1865 1745 1920 praele-

376 1940 567 1996 gendum
599 1940 778 1980 eandem
813 1939 1046 1980 Scientiam
1076 1939 1292 1990 inventus,
1320 1946 1636 1993 promoveatur,
1657 1938 1743 1980 sive

377 2016 446 2056 ille
468 2015 520 2056 de
544 2014 755 2056 Societate
787 2013 857 2064 sit,
889 2013 975 2055 sive
1007 2022 1126 2055 extra
1155 2028 1273 2054 eam:
1312 2013 1525 2065 Alterum,
1555 2019 1605 2053 ut
1634 2027 1745 2068 prae-

377 2089 576 2130 cludatur
608 2088 767 2129 ostium
807 2087 1045 2139 ambitioni,
1085 2087 1215 2128 nullis
1250 2087 1355 2128 locis
1396 2087 1522 2129 certis
1563 2086 1639 2139 eis,
1671 2087 1745 2141 qui

378 2163 432 2203 ad
453 2162 611 2217 gradus
639 2168 962 2216 promoventur,
990 2161 1219 2216 assignatis
1237 2178 1248 2211 ;
1292 2160 1396 2215 quin
1416 2160 1560 2216 potius
1582 2160 1743 2201 honore

379 2251 422 2276 se
456 2235 639 2276 invicem
672 2234 920 2290 praevenire,
956 2234 1073 2275 nulla
1107 2234 1298 2275 locorum
1329 2234 1568 2276 differentia
1599 2233 1744 2275 obser-

378 2317 489 2361 vata,
521 2317 699 2350 curent:
743 2308 952 2359 Tertium,
983 2316 1032 2349 ut
1063 2309 1427 2363 quemadmodum
1449 2308 1582 2364 gratis
1604 2308 1743 2359 docet,

378 2385 439 2426 ita
471 2391 513 2425 et
544 2384 598 2424 ad
619 2383 777 2438 gradus
811 2383 1001 2424 Societas
1032 2383 1164 2437 gratis
1194 2389 1457 2438 promoveat,
1488 2391 1530 2424 et
1551 2398 1639 2424 non
1661 2382 1744 2424 nisi

380 2458 613 2499 admodum
635 2457 777 2512 exigui
801 2466 1000 2512 sumptus
1026 2457 1141 2511 (licet
1171 2457 1400 2498 voluntarii
1431 2457 1532 2510 sint)
1558 2456 1743 2498 externis

379 2531 709 2586 permittantur:
743 2546 796 2571 ne
818 2531 1085 2571 consuetudo
1106 2531 1193 2571 vim
1214 2530 1319 2586 legis
1342 2531 1516 2571 taudem
1538 2530 1743 2580 obtineat,

379 2614 421 2646 ct
460 2606 503 2646 in
550 2620 599 2646 ea
639 2613 759 2660 parte
809 2606 1011 2660 temporis
1054 2606 1252 2657 decursu,
1293 2606 1629 2646 mediocritatem
1671 2619 1744 2645 ex-

380 2681 547 2721 cedant.
610 2680 764 2721 Videat
801 2681 928 2721 ctiam
965 2681 1135 2731 Rector,
1177 2696 1229 2721 ne
1265 2680 1503 2735 Magistris,
1543 2678 1609 2720 vel
1645 2678 1742 2718 ullis

380 2753 471 2794 aliis
493 2753 544 2794 de
569 2754 779 2795 socictate
814 2754 908 2804 sibi,
940 2763 1011 2794 aut
1038 2754 1230 2808 Collegio
1260 2754 1503 2809 pecuniam,
1525 2760 1598 2793 aut
1631 2752 1741 2793 dona
