2004 3294
322 298 374 334 88

352 423 375 458 2

828 308 1261 337 CONSTITUTIONUM

409 419 468 459 Et
508 419 647 474 primo
690 419 864 474 quidem
906 421 959 461 ad
999 421 1293 476 proximorum
1341 421 1546 461 auxilium
1589 422 1777 463 conferet

409 495 654 550 exemplum
686 496 819 536 totius
851 496 1089 537 honestatis
1116 511 1164 536 ac
1195 497 1367 537 virtutis
1401 497 1688 549 Christianae3
1730 505 1779 538 ut

408 584 496 610 non
518 569 662 610 minus
693 569 819 610 bonis
850 570 1066 625 operibUS,
1088 571 1174 611 imo
1206 571 1357 625 magis,
1380 586 1508 625 quam
1539 572 1696 623 verbis,
1718 571 1779 613 eis

406 643 681 683 aedificationi
703 658 810 694 esse,
833 643 1094 697 quibuscum
1116 644 1272 698 agitur,
1295 653 1461 685 curent.

406 718 434 758 J
438 724 593 757 uvatur
614 717 741 757 etiam
764 717 986 771 proximus
1009 718 1169 758 sanctis
1192 718 1427 770 desideriis,
1450 724 1493 759 et
1513 719 1778 760 orationibus

405 792 449 832 in
473 791 557 832 Dei
579 799 816 846 conspectu
837 807 915 846 pro
937 791 1137 833 universa
1158 792 1368 843 Ecclesia,
1397 807 1445 833 ac
1476 807 1555 848 pro
1586 792 1638 833 iis
1667 807 1778 848 prae-

405 866 566 917 sertim,
603 866 677 920 qui
709 866 882 921 majoris
919 873 1022 906 sunt
1058 867 1280 917 momenti,
1315 867 1368 907 ad
1410 866 1502 922 ejus
1538 866 1778 907 universale

403 940 567 981 bonum
602 940 762 991 effusis,
799 954 846 980 ae
881 955 959 995 pro
998 941 1145 981 amicis
1179 941 1322 991 etiam,
1357 949 1399 981 et
1426 941 1535 981 bene
1568 941 1620 981 de
1652 940 1778 981 nobis

403 1015 567 1056 meritis
599 1015 858 1066 viventibus,
881 1024 923 1056 et
952 1015 1040 1056 vita
1071 1016 1260 1066 functis;
1304 1015 1391 1056 sive
1423 1015 1646 1070 postulent
1678 1015 1775 1070 ipsi,

405 1090 491 1132 sive
514 1105 599 1131 non
624 1090 875 1145 postulent3
906 1104 984 1145 pro
1008 1090 1258 1130 adversariis
1280 1090 1444 1141 itidem,
1460 1091 1494 1131 si
1513 1090 1585 1145 qui
1599 1090 1775 1140 fuerint,

403 1180 452 1205 ae
473 1180 552 1220 pro
573 1165 670 1215 illis,
692 1164 736 1204 in
760 1179 943 1219 quorum
967 1164 1171 1204 auxilium
1195 1163 1466 1218 peculiariter
1487 1164 1584 1218 ipsi,
1606 1171 1648 1204 et
1679 1163 1775 1204 reli-

404 1239 477 1293 qui
510 1239 560 1279 de
585 1238 796 1279 Societate
818 1238 862 1278 in
884 1238 1010 1278 variis
1042 1237 1146 1278 locis
1168 1238 1280 1277 inter
1302 1237 1484 1288 Fideles,
1507 1246 1549 1277 et
1572 1238 1775 1279 Infideles

401 1298 690 1362 incumbunt3
733 1318 782 1352 ut
814 1313 935 1353 Deus
968 1326 1117 1352 omnes
1150 1312 1204 1351 ad
1239 1311 1421 1366 gratiam
1460 1326 1582 1352 suam
1616 1312 1774 1367 excipi-

403 1389 558 1429 endam
583 1403 660 1443 per
691 1386 847 1427 debilia
873 1386 1003 1441 hujus
1025 1385 1215 1426 minimae
1240 1385 1464 1426 Societatis
1486 1385 1775 1427 instrumenta

403 1463 630 1518 disponere
654 1462 869 1517 dignetur.

404 1538 455 1579 In
495 1537 730 1578 Missarum
765 1536 894 1576 etiam
932 1535 1149 1577 sacrificiis
1185 1535 1337 1590 juvare
1371 1542 1570 1590 possunt,
1607 1542 1650 1575 et
1683 1533 1775 1575 aliis

401 1613 556 1654 divinis
588 1611 752 1662 officiis,
787 1611 905 1651 nulla
935 1625 1014 1665 pro
1049 1611 1109 1651 eis
1144 1610 1415 1665 eleemosyna
1443 1618 1643 1665 accepta3
1686 1609 1773 1650 sive

401 1687 532 1742 aliqui
565 1701 613 1727 ea
649 1686 841 1726 obtinere
879 1685 1145 1735 curaverint3
1193 1684 1279 1724 sive
1312 1699 1390 1739 pro
1434 1698 1511 1724 sua
1547 1682 1772 1724 devotione

400 1761 581 1816 quisque
613 1775 662 1800 ea
690 1760 784 1800 Deo
816 1759 1033 1800 obtulerit.
1096 1759 1154 1798 Et
1186 1758 1303 1812 quod
1334 1757 1488 1798 attinet
1519 1757 1573 1797 ad
1595 1756 1772 1808 Missas,

399 1843 556 1891 praeter
577 1849 663 1885 eas,
686 1848 781 1888 quae
806 1833 851 1873 in
882 1833 1063 1888 gratiam
1087 1832 1386 1872 Fundatorum
1419 1831 1636 1881 dicuntur,
1657 1845 1771 1881 unae,

398 1909 466 1950 vel
488 1910 600 1959 duae,
623 1915 696 1948 aut
727 1907 871 1962 plures
898 1908 990 1961 (pro
1022 1920 1201 1945 numero
1235 1905 1519 1955 sacerdotum,
1543 1912 1584 1945 et
1616 1905 1772 1957 alioqui

389 1987 523 2038 prout
544 1982 792 2033 convenerit)
820 1980 1001 2035 singulis
1022 1978 1305 2020 hebdomadis
1326 1993 1404 2033 pro
1426 1978 1771 2019 benefactoribus

395 2059 517 2110 vivis,
554 2073 602 2099 ac
637 2056 851 2098 defunctis
889 2056 1307 2106 offerentur,-Deum
1342 2069 1389 2095 ac
1421 2055 1661 2095 Dominum
1694 2069 1772 2095 no-

399 2140 537 2175 strum
573 2132 780 2187 rogando,
813 2139 863 2172 ut
903 2146 981 2186 pro
1023 2131 1106 2170 illis
1147 2130 1229 2169 hoc
1272 2137 1470 2177 sanctum
1513 2128 1769 2169 sacrificium

400 2208 639 2258 admittere,
662 2214 702 2247 et
724 2221 802 2261 pro
824 2205 994 2246 infinita
1016 2220 1063 2245 ac
1096 2220 1264 2248 summa
1293 2204 1546 2246 liberalitate
1577 2218 1654 2244 sua
1675 2218 1769 2245 eam

398 2282 729 2324 beneficentiam
760 2280 1036 2330 remunerari,
1060 2295 1144 2333 qua
1174 2280 1234 2320 illi
1266 2294 1366 2335 erga
1398 2278 1655 2320 Societatem
1692 2293 1769 2318 no-

400 2367 531 2401 stram
560 2371 611 2397 ex
642 2356 787 2397 divino
819 2368 962 2395 amore
993 2369 1040 2395 ae
1078 2355 1313 2395 reverentia
1348 2353 1416 2395 usi
1452 2361 1569 2403 sunt,
1597 2351 1768 2393 aeternis

396 2431 585 2492 praemiis
608 2430 823 2485 dignetur.

398 2507 585 2548 Juvatur
606 2505 735 2545 etiam
766 2503 987 2559 proximus
1019 2502 1063 2542 in
1088 2502 1463 2543 Sacramentorum
1495 2499 1768 2541 administra-

399 2583 529 2633 tione,
553 2596 601 2623 ac
622 2580 838 2639 praeeipue
870 2578 914 2619 in
947 2577 1169 2618 audiendis
1202 2577 1544 2618 confessionibus
1570 2576 1640 2629 (ad
1660 2589 1767 2630 quas

398 2656 527 2710 aliqui
550 2670 574 2695 a
596 2654 838 2710 Superiore,
860 2652 934 2708 qui
956 2667 1004 2692 eo
1036 2652 1275 2706 fungantur
1306 2651 1460 2702 officio,
1493 2657 1595 2691 sunt
1627 2648 1768 2703 desig-

397 2729 543 2781 nandi)
599 2736 642 2769 et
691 2728 736 2768 in
788 2734 936 2769 sancto
988 2726 1274 2766 Eucharistiae
1328 2728 1608 2773 sacramento,
1650 2730 1770 2763 extra

395 2803 572 2845 Paschae
595 2810 738 2842 tamen
761 2801 934 2851 festum,
958 2813 1035 2840 sua
1055 2799 1099 2839 in
1124 2799 1319 2840 Ecclesia
1341 2796 1695 2839 administrando.
