1987 3374
747 337 870 365 PARS
905 336 1057 364 NONA.
1553 324 1630 360 121

250 450 585 508 pertinentibus,
617 463 715 505 quae
747 449 941 490 altiorem
974 447 1363 489 considerationem
1394 446 1635 501 postulant,

244 527 395 582 juvare
420 525 710 582 Praepositum
733 540 781 566 ac
804 524 1028 566 sublevare
1051 523 1227 564 debent.
1291 523 1453 563 Praeter
1483 522 1530 562 id
1561 537 1634 562 au-

252 609 356 653 tem,
393 607 436 642 et
472 601 590 656 quod
630 600 759 642 rebus
795 599 945 641 multis
982 598 1137 640 melius
1171 597 1388 654 provideri
1428 612 1506 652 per
1541 597 1637 638 illos

251 675 426 731 poterit,
448 675 761 731 praedicationi,
792 674 982 725 lectioni,
1015 672 1361 715 confessionibus
1394 673 1637 726 audiendis,

251 755 295 791 et
316 750 409 791 aliis
430 750 557 792 bonis
579 765 628 791 ac
649 750 734 806 piis
756 750 959 806 operibus
992 749 1047 790 ad
1068 748 1153 790 Dei
1184 749 1365 804 gloriam
1397 756 1440 790 et
1472 749 1637 790 anima-

250 840 348 865 rum
370 825 577 866 auxilium
598 840 748 866 vacare
769 832 991 880 poterunt.

166 905 215 941 11
251 901 446 941 Numero
494 908 640 941 autem
690 900 943 955 hujusmodi
994 899 1245 940 assistentes
1286 914 1404 940 nunc
1459 899 1636 955 quidem

252 981 439 1029 quatuor
475 982 628 1025 erunt3
681 981 723 1015 et
758 973 934 1028 quidem
975 973 1037 1014 illi
1073 973 1158 1028 ipsi
1194 988 1286 1014 esse
1328 978 1550 1028 poterunt,
1585 976 1638 1017 de

253 1049 412 1104 quibus
435 1049 634 1105 superius
655 1049 816 1105 pagina
841 1054 920 1090 115
947 1048 1113 1090 dictum
1137 1056 1215 1090 est.
1274 1048 1470 1091 Quam-is
1493 1058 1638 1091 autem

252 1138 320 1165 res
356 1124 574 1180 graviores
607 1139 709 1165 cum
743 1124 804 1165 eis
838 1124 1075 1165 tractandae
1110 1123 1212 1175 sint,
1247 1124 1467 1165 statuendi
1493 1132 1639 1166 tamen

252 1200 451 1251 facultas,
464 1200 698 1256 postquam
720 1214 793 1241 eos
816 1199 1013 1251 audierit,
1027 1214 1163 1255 penes
1186 1199 1475 1255 Praepositum
1495 1200 1640 1242 Gene-

255 1275 390 1316 ralem
412 1275 506 1316 erit.

171 1354 222 1390 12
256 1350 311 1391 In
331 1349 460 1391 tertio
482 1350 654 1401 auxilio,
675 1349 875 1391 videlicet
897 1349 1133 1405 diligentiae
1163 1349 1218 1390 ad
1249 1350 1551 1404 exequendum
1573 1350 1641 1391 vel

254 1425 564 1481 complendum
598 1425 716 1480 quod
757 1425 812 1465 ad
852 1439 919 1466 res
964 1424 1170 1466 Societati
1211 1425 1472 1466 necessarias
1509 1425 1640 1466 fuerit

255 1499 559 1551 constitutum,
591 1499 836 1555 cujusmodi
868 1507 1013 1540 essent
1045 1499 1234 1555 negotia,
1269 1514 1366 1554 quae
1399 1500 1452 1540 ad
1489 1499 1641 1541 domos

254 1574 323 1616 vel
354 1574 534 1630 collegia
562 1574 798 1630 pertinent,
830 1574 1046 1630 expedire,
1077 1582 1173 1615 tum
1195 1574 1327 1615 etiam
1350 1589 1446 1629 quae
1468 1574 1641 1616 illorum

256 1656 374 1700 sunt,
408 1649 661 1690 defendere:
709 1657 752 1690 et
788 1649 1027 1704 generatim
1069 1649 1123 1690 ad
1158 1664 1226 1690 res
1264 1663 1414 1690 omnes
1452 1650 1641 1704 agendas

254 1724 444 1765 multum
465 1724 672 1776 conferet,
693 1723 826 1765 immo
858 1724 1150 1765 necessarium
1182 1732 1248 1765 est
1278 1724 1408 1765 unius
1433 1724 1642 1765 Procura-

254 1798 360 1840 toris
391 1797 603 1854 generalis
633 1798 860 1840 Societatis
893 1798 1101 1839 auxilium
1118 1815 1130 1849 3
1180 1798 1255 1853 qui
1281 1798 1457 1853 quidem
1491 1799 1641 1840 Romae

253 1874 453 1926 resideat,
495 1889 544 1915 ac
584 1874 830 1930 prudentia,
882 1874 1105 1925 fidelitate,
1148 1882 1190 1915 et
1243 1874 1498 1916 dexteritate
1541 1890 1641 1916 cum

256 1949 508 1991 hominibus
531 1949 700 2004 agendi,
723 1957 765 1990 et
788 1949 992 1990 omnibus
1025 1949 1116 1990 aliis
1150 1949 1324 1990 dotibus
1355 1950 1530 2004 polleat,
1553 1965 1641 1991 non

256 2032 403 2065 tamen
426 2024 651 2065 Professus
674 2022 744 2074 sit,
766 2037 846 2063 nec
873 2022 919 2063 in
951 2023 1153 2064 domibus
1177 2023 1404 2065 Societatis
1435 2025 1641 2080 professae

257 2098 439 2150 habitet,
462 2098 538 2139 sed
558 2097 600 2138 in
626 2097 707 2138 alia
732 2097 800 2150 (de
827 2112 912 2152 qua
944 2097 1110 2138 dictum
1142 2106 1207 2139 est
1238 2098 1284 2138 in
1317 2107 1469 2153 quarta
1499 2101 1637 2155 parte)

258 2173 334 2228 qui
355 2173 444 2214 suis
477 2172 606 2214 etiam
638 2172 821 2224 auxiliis,
844 2186 891 2212 ac
923 2171 1133 2213 ministris
1167 2173 1220 2213 ad
1252 2187 1300 2213 ea
1332 2173 1519 2228 negotia,
1543 2189 1640 2229 quae

258 2248 376 2289 solus
397 2262 487 2288 non
508 2254 653 2302 potest
675 2246 899 2298 conficere,
922 2247 1172 2288 necessariis
1196 2247 1458 2289 sublevetur.

173 2329 224 2366 13
260 2323 375 2365 Cum
397 2338 498 2378 ergo
523 2322 786 2378 Praepositus
809 2321 1060 2377 hujusmodi
1090 2323 1247 2364 habeat
1274 2323 1443 2375 auxilia,
1466 2332 1640 2380 tempus

261 2398 394 2453 (quod
427 2397 601 2452 quidem
638 2397 855 2448 valetudo,
894 2406 935 2438 et
978 2398 1088 2438 vires
1132 2398 1323 2453 corporis
1365 2399 1635 2454 permittent)

257 2472 415 2528 partim
443 2487 542 2513 cum
571 2473 681 2523 Deo,
718 2473 876 2528 partim
915 2487 1013 2513 cum
1047 2472 1314 2524 officialibus,
1347 2482 1388 2514 et
1422 2474 1640 2515 Ministris

256 2547 509 2603 hujusmodi
531 2548 713 2603 agendo,
735 2548 893 2603 partim
917 2563 1063 2589 secum
1094 2563 1288 2589 seorsum
1311 2549 1639 2601 considerando,

258 2637 306 2663 ac
341 2637 441 2663 cum
476 2622 632 2663 almilio
671 2630 712 2663 et
749 2622 891 2663 favore
927 2622 1011 2663 Dei
1043 2637 1091 2663 ac
1124 2622 1305 2663 Domini
1336 2623 1487 2675 nostri,
1523 2625 1640 2679 quod

258 2698 475 2753 agendum
497 2706 577 2748 est,
600 2698 844 2749 statuendo,
865 2698 1101 2754 impendet.

173 2778 226 2817 14
259 2773 487 2829 Praepositi
524 2772 653 2813 etiam
684 2772 987 2824 Provinciales,
1020 2781 1061 2814 et
1092 2774 1298 2814 Rectores
1331 2773 1639 2830 Collegiorum,

257 2847 324 2890 vel
339 2847 567 2903 Praepositi
588 2847 867 2902 particulares
890 2848 1118 2890 domorum
1142 2849 1230 2889 suis
1253 2849 1420 2891 auxiliis
1441 2850 1640 2905 pluribus
