2004 3294
326 292 380 328 80

353 562 376 597 [0

829 300 1260 329 CONSTITUTIONUM

411 411 641 452 transitum
663 426 686 451 a
707 411 932 467 temporali
953 412 1041 453 vita
1062 413 1115 452 ad
1138 418 1355 464 aeternam,
1379 427 1421 453 se
1443 412 1624 464 muniat,
1646 420 1773 468 atque

410 485 666 526 corroboret.

410 558 548 599 Simul
588 573 687 598 eum
728 559 992 599 orationibus
1039 559 1232 599 omnium
1268 559 1600 600 domesticorum
1641 559 1696 600 ad
1730 559 1776 600 id

408 632 516 672 serio
545 631 762 682 adhibitis,
794 632 929 672 donec
963 631 1149 671 animam
1182 647 1259 672 suo
1292 632 1484 673 Creatori
1513 633 1678 683 reddat,
1701 632 1775 687 ju-

406 705 495 744 vari
517 712 650 744 curet.
712 705 771 744 Et
792 710 949 759 praeter
970 704 1088 755 alios,
1111 705 1184 759 qui
1206 705 1373 759 ingredi
1394 713 1593 760 possunt,
1613 706 1774 760 plures,

407 786 480 818 aut
501 778 724 833 pauciores
746 793 825 833 pro
857 778 1031 819 arbitrio
1056 778 1310 833 Superioris,
1343 778 1473 834 aliqui
1504 779 1658 820 delecti
1688 779 1775 820 sint

405 859 574 906 oportet
614 851 871 906 peculiarius
912 859 961 892 ut
1001 852 1220 892 infirmum
1262 852 1390 893 morti
1430 852 1675 907 proximum
1710 852 1775 893 in-

404 924 560 976 visant,
597 931 639 965 et
675 925 712 965 ei
749 925 965 976 assistant,
999 933 1041 966 et
1077 925 1376 966 animosiorem
1412 926 1608 976 reddant,
1641 940 1774 980 eaque

406 1007 655 1054 suggerant,
677 999 821 1053 eisque
854 998 1020 1039 auxiliis
1050 998 1219 1053 juvent,
1242 1013 1338 1053 quae
1370 1014 1419 1039 eo
1449 1004 1642 1054 tempore
1673 1014 1775 1040 con-

403 1073 601 1113 venient:
635 1080 678 1113 et
699 1073 797 1113 cum
823 1072 913 1127 jam
936 1073 1017 1113 alia
1038 1073 1177 1113 officia
1196 1088 1349 1127 parum
1371 1081 1498 1113 erunt
1518 1073 1653 1124 utilia,
1675 1088 1774 1114 eum

405 1147 595 1188 Domino
633 1147 966 1198 commendent;
1011 1147 1146 1187 donec
1189 1147 1280 1201 ejus
1323 1147 1509 1187 animam
1538 1161 1562 1187 a
1598 1162 1773 1202 corpore

356 1225 365 1229 ”
403 1221 697 1261 discedentem
718 1221 920 1275 dignetur
941 1221 995 1261 ad
1017 1236 1060 1261 se
1092 1221 1294 1275 recipere,
1326 1221 1400 1275 qui
1431 1235 1524 1261 eam
1556 1229 1645 1261 tam
1676 1235 1773 1262 caro

343 2043 369 2077 4

402 1297 541 1351 pretio
565 1296 787 1351 sanguinis
810 1304 852 1336 et
874 1296 973 1336 vitae
996 1311 1084 1336 suae
1106 1296 1300 1337 redemit.

405 1370 691 1424 Posteaquam
713 1369 810 1423 quis
832 1369 1100 1424 expiraverit,
1131 1366 1269 1423 usque
1302 1369 1356 1409 ad
1387 1369 1653 1424 sepulturam
1682 1368 1774 1423 ejus

402 1459 558 1499 corpus
600 1444 813 1494 decenter,
856 1443 1049 1497 quandiu
1097 1443 1337 1494 conveniet,
1378 1434 1589 1484 teneatur.
1651 1443 1775 1484 Post-

400 1519 579 1559 modum
596 1517 792 1558 absoluto
809 1517 947 1558 officio
965 1531 1108 1557 coram
1125 1516 1372 1557 domesticis
1388 1531 1466 1572 pro
1488 1531 1605 1557 more
1623 1516 1774 1572 sepeli-

401 1602 512 1644 atur,
541 1601 583 1634 et
607 1608 733 1633 mane
761 1592 956 1647 proximo
992 1597 1092 1647 post
1121 1592 1212 1647 ejus
1240 1600 1423 1633 mortem
1452 1607 1602 1633 omnes
1635 1607 1772 1633 sacer-

402 1668 523 1708 dotes
554 1666 778 1707 domestici
803 1681 881 1720 pro
918 1665 1009 1720 ejus
1036 1666 1177 1706 anima
1207 1666 1349 1707 missae
1382 1666 1638 1706 sacrificium
1669 1667 1771 1706 offe-

400 1747 498 1781 rant
516 1757 526 1791 3
556 1739 709 1793 reliqui
730 1753 829 1779 vero
851 1738 1055 1793 peculiari
1077 1738 1267 1779 oratione
1298 1753 1376 1793 pro
1409 1738 1558 1779 eodem
1581 1738 1770 1779 divinam

401 1814 634 1869 implorent
655 1812 941 1864 clementiam,
965 1820 1092 1866 atque
1115 1813 1159 1852 in
1191 1827 1240 1853 eo
1271 1820 1545 1867 perseverent
1575 1812 1770 1863 ulterius,

393 1888 521 1944 juxta
544 1887 784 1942 Superioris
807 1887 1046 1937 arbitrium,
1067 1887 1135 1927 vel
1156 1886 1344 1940 cujusvis
1374 1886 1585 1941 privatam
1607 1887 1770 1927 devoti-

401 1977 542 2012 onem,
563 1961 631 2002 vel
653 1960 985 2015 obligationem3
1018 1960 1053 2000 si
1075 1974 1160 2014 qua
1180 1960 1224 2000 in
1247 1960 1437 2000 Domino
1458 1960 1710 2001 intercedat.

403 2035 658 2076 Reddantur
679 2034 808 2075 etiam
841 2033 1040 2074 certiores
1072 2033 1141 2073 alii
1173 2033 1224 2073 de
1249 2033 1460 2074 Societate
1482 2033 1526 2073 in
1546 2033 1651 2074 locis
1671 2033 1769 2085 illis,

401 2125 497 2165 quae
532 2109 736 2164 Superior
772 2108 998 2148 convenire
1036 2107 1307 2161 judicaverit,
1335 2115 1384 2148 ut
1415 2107 1550 2148 simile
1581 2107 1768 2148 officium

401 2191 608 2239 praestent
645 2181 889 2231 charitatis3
934 2195 1029 2234 quae
1064 2195 1163 2235 erga
1195 2182 1289 2232 hos,
1326 2181 1400 2235 qui
1435 2173 1523 2222 vita
1553 2181 1768 2236 perfuncti

403 2264 519 2307 sunt,
536 2271 623 2297 non
645 2255 798 2305 minor,
813 2255 939 2308 quam
963 2269 1063 2308 erga
1082 2254 1289 2305 viventes,
1302 2254 1346 2294 in
1364 2254 1554 2296 Domino
1568 2254 1768 2309 explicari

402 2331 543 2372 debet.

439 2491 570 2522 QUOD
595 2488 1007 2518 CONSTITI‘TIONES
1032 2487 1238 2515 PEccATI
1264 2488 1640 2516 OBLIGATIONEM

845 2562 943 2589 Nox
971 2561 1241 2588 INDI‘CUNT.

936 2620 1064 2661 CAP.
1097 2621 1151 2661 V.

349 2704 366 2740 1
405 2698 509 2739 Cim
534 2702 704 2751 exoptet
729 2696 919 2737 Societas
940 2695 1159 2736 universas
1183 2710 1280 2736 suas
1304 2695 1660 2745 constitutiones,
1683 2695 1771 2736 De-
