2004 3294
381 286 433 321 31

408 408 432 444 3

888 294 1316 322 CONSTITUTIONUM

467 404 633 444 Eodem
657 404 723 443 dic
746 403 923 444 candela
944 418 1063 444 cerea
1086 404 1321 444 Fundatori
1344 404 1558 454 offeratur,
1580 413 1653 444 aut
1684 405 1759 444 uni
1781 419 1832 445 ex

468 477 570 529 suis,
593 477 665 531 qui
687 477 769 532 ipsi
792 477 846 518 sit
873 478 1125 533 cognatione
1154 477 1346 532 proxime
1374 477 1646 533 conjunctus,
1668 483 1742 518 aut
1772 477 1831 518 illi

466 551 654 602 demum,
697 565 824 605 quem
875 550 967 606 ipse
1019 551 1241 591 Fundator
1291 551 1609 605 designaverit:
1660 551 1704 591 in
1746 566 1831 605 qua

464 624 641 664 candela
682 638 896 665 armorum
940 623 1214 673 Fundatoris,
1256 632 1329 663 aut
1371 623 1608 665 devotionis
1645 624 1830 679 insignia

462 705 622 739 extent.
685 697 765 737 Illa
793 697 893 738 vero
930 695 1158 737 testabitur
1194 696 1399 747 Societas,
1431 710 1560 750 quam
1593 698 1827 739 Fundatori

460 771 504 811 in
527 770 717 811 Domino
739 769 881 821 debet,
903 769 1224 825 gratitudinem.

461 843 573 885 Cum
603 843 791 899 primum
815 843 1005 885 Societas
1032 843 1076 884 in
1101 843 1281 898 collegii
1303 843 1482 898 alicujus
1510 843 1826 899 possessionem

458 918 649 969 venerit3
691 918 952 973 Praepositus
983 918 1206 959 Generalis
1236 925 1355 958 curet
1390 917 1523 958 indici
1550 932 1627 973 per
1655 918 1827 960 univer-

459 1007 549 1033 sam
573 992 845 1043 Societatem,
873 1000 922 1033 ut
953 992 1133 1046 quilibet
1165 991 1372 1033 Sacerdos
1405 999 1469 1032 ter
1500 1005 1669 1032 sacrum
1698 992 1826 1033 faciat

456 1082 534 1123 pro
563 1066 792 1122 superstite
821 1067 1066 1108 Fundatore
1095 1066 1230 1121 ipsius
1260 1065 1440 1121 collegii
1472 1080 1520 1107 ac
1544 1065 1826 1107 benefactori-

456 1142 538 1183 bus
554 1159 566 1193 3
597 1146 647 1182 ut
666 1141 762 1182 illos
784 1156 860 1182 sua
880 1141 1147 1196 benignitate
1170 1140 1387 1182 Dominus
1408 1140 1453 1181 in
1473 1140 1601 1182 rebus
1623 1140 1824 1182 omnibus

454 1215 624 1270 dirigat,
645 1222 688 1256 et
710 1215 798 1256 suis
815 1215 939 1256 donis
957 1229 1126 1270 semper
1139 1222 1308 1269 augeat.
1361 1215 1528 1255 Rursus
1550 1214 1648 1255 eum
1670 1228 1722 1255 ex
1742 1214 1823 1255 hae

453 1291 540 1331 vita
566 1291 627 1331 illi
658 1291 931 1342 excesserint,
963 1290 1129 1331 curabit
1160 1290 1274 1331 idem
1298 1290 1561 1345 Praepositus
1585 1289 1823 1341 Generalis,

454 1364 527 1405 ubi
548 1364 737 1419 primum
765 1364 996 1414 resciverit,
1024 1369 1074 1404 ut
1106 1378 1183 1418 per
1208 1371 1344 1404 totam
1377 1363 1635 1404 Societatem
1665 1363 1823 1419 singuli

454 1438 706 1480 Sacerdotes
746 1443 829 1491 ter·
849 1438 1028 1479 Sacrum
1068 1452 1147 1493 pro
1189 1437 1413 1479 animabus
1446 1437 1617 1478 illorum
1649 1437 1821 1480 faciant.

453 1513 635 1556 Quoties
663 1520 807 1554 autem
836 1512 1002 1554 dictum
1038 1519 1118 1564 est,
1147 1512 1308 1553 Missas
1338 1525 1430 1553 esse
1462 1527 1487 1553 a
1517 1512 1820 1554 Sacerdotibus

452 1587 754 1638 celebrandas,
788 1586 944 1628 Caeteri
966 1601 1131 1637 omnes,
1153 1586 1228 1640 qui
1258 1586 1303 1626 in
1335 1585 1538 1641 Collegiis
1569 1586 1749 1642 degunt,
1770 1601 1818 1627 ac

451 1662 691 1703 sacerdotes
714 1676 801 1702 non
824 1669 941 1712 sunt,
962 1661 1016 1701 ad
1038 1660 1218 1701 eandem
1246 1660 1361 1701 illam
1392 1660 1677 1702 intentionem
1699 1675 1816 1702 orare

449 1736 640 1787 debent3
692 1735 1041 1790 quandoquidem
1084 1734 1274 1790 ejusdem
1326 1734 1601 1790 gratitudinis
1643 1735 1815 1777 nominc

448 1810 610 1864 ubique
632 1809 879 1865 obligantur
899 1809 943 1849 in
967 1809 1171 1850 Domino.

451 1884 718 1924 Fundatores
743 1891 953 1938 praeterea
985 1898 1033 1924 ac
1064 1883 1357 1924 benefactores
1390 1882 1679 1938 Collegiorum
1708 1897 1812 1936 par-

447 1959 594 2010 ticipes
635 1959 868 2012 efficiuntur
910 1958 1087 1998 omnium
1129 1957 1324 1997 bonorum
1366 1971 1547 2009 operum,
1588 1971 1684 2011 quae
1717 1965 1811 1998 tuln

445 2031 490 2071 in
518 2030 622 2086 ipsis
656 2030 873 2086 Collegiis,
913 2037 1004 2071 tum
1038 2029 1083 2070 in
1119 2029 1283 2084 reliqua
1319 2029 1531 2071 Societate
1564 2029 1649 2070 Dei
1675 2030 1812 2085 gratia

446 2104 571 2145 fiunt.

445 2177 497 2217 In
519 2176 767 2217 universum
789 2183 933 2217 autem
955 2184 1049 2216 tum
1072 2175 1407 2227 Fundatoribus,
1428 2183 1522 2218 tum
1544 2176 1672 2218 ctiam
1694 2176 1808 2232 ipso-

441 2265 536 2291 rum
568 2250 816 2291 necessariis
848 2258 890 2291 et
921 2250 1063 2304 quoad
1084 2249 1250 2301 vivunt,
1272 2257 1314 2290 et
1344 2256 1575 2305 postquam
1607 2250 1807 2302 obierint,

442 2324 712 2380 peculiariter
747 2339 838 2365 sese
872 2324 1115 2365 devinctam
1156 2339 1248 2365 esse
1292 2324 1482 2366 Societas
1513 2339 1565 2366 ex
1601 2325 1806 2367 charitate

440 2406 685 2454 cognoscat,
720 2407 769 2440 ut
809 2398 927 2440 omni
968 2397 1107 2439 officio
1149 2397 1243 2439 illos
1285 2406 1583 2453 prosequatur,
1625 2399 1741 2454 quod
1781 2414 1805 2439 a

441 2472 563 2513 nobis
586 2473 779 2527 praestari
805 2472 931 2528 juxta
959 2471 1178 2512 minimam
1212 2473 1322 2514 hanc
1355 2482 1545 2514 nostram
1577 2473 1803 2529 professio-

438 2561 536 2587 nem
559 2547 612 2587 ad
634 2547 824 2588 divinam
845 2546 1024 2602 gloriam
1046 2546 1195 2601 possit.
