1987 3374
674 343 796 370 PARS
830 343 1059 370 SEPTIMA.
1545 334 1598 381 87

223 469 267 496 se
289 469 378 496 non
400 454 632 495 obtrudere
655 454 818 495 directe
839 454 908 495 vel
929 453 1138 495 indirecte
1161 454 1216 495 ad
1247 454 1314 495 sui
1336 455 1601 509 missionem,

222 530 310 570 sive
333 544 358 570 a
379 543 550 570 summo
574 528 801 579 Pontifice,
825 528 913 570 sive
936 543 960 569 a
993 543 1070 569 suo
1095 528 1325 584 Superiore
1350 529 1404 570 In
1425 531 1600 571 nomine

220 603 403 645 Domini
435 604 574 645 nostri
604 604 633 645 J
638 603 756 645 ESU
791 603 956 644 Christi
987 603 1247 645 mittantur:
1281 604 1356 659 qui
1378 612 1523 646 tamen
1547 606 1600 646 ad

222 680 444 736 regionem
476 681 665 736 aliquam
696 695 900 736 magnam
936 680 1198 735 (cujusmodi
1228 689 1341 722 esset
1373 681 1514 732 Indja‚
1535 681 1604 722 vel

223 755 317 796 aliae
341 756 595 809 Prow'nciae)
620 755 780 796 missus
803 763 882 806 est,
906 755 941 814 si
971 770 1071 810 pars
1100 755 1192 810 ejus
1224 755 1368 810 aliqua
1396 755 1604 811 peculiari

222 830 478 872 limitatione
496 830 535 871 ei
556 830 775 885 assignata
796 845 884 871 non
906 830 1048 882 fuerit,
1062 838 1207 885 potest
1228 830 1381 886 magis,
1396 838 1439 872 et
1457 831 1602 872 minus

221 905 267 945 in
288 906 385 956 hoc,
407 905 475 945 vel
495 905 541 946 in
562 905 635 946 illo
656 905 750 946 loco
778 905 1012 955 immorari,
1035 913 1110 946 aut
1141 905 1378 946 discurrere
1411 920 1603 960 quacun-

221 994 306 1034 que
328 979 531 1020 omnibus
553 979 778 1034 perpensis
805 979 866 1032 (in
889 994 947 1031 se,
971 979 1088 1034 quod
1111 980 1166 1019 ad
1187 979 1456 1020 voluntatem
1479 994 1601 1020 suam

221 1054 392 1106 attinet,
414 1054 749 1095 indifferentiam
772 1054 1015 1107 sentiendo)
1042 1063 1084 1095 et
1107 1054 1298 1095 oratione
1330 1055 1457 1105 facta,
1481 1054 1601 1109 judi-

221 1135 381 1170 caverit
418 1130 473 1170 ad
509 1129 594 1170 Dei
627 1129 808 1185 gloriam
845 1128 984 1184 magis
1022 1128 1238 1184 expedire.
1302 1128 1420 1169 Hinc
1458 1129 1601 1184 colligi

218 1204 342 1246 facile
362 1213 509 1260 potest
522 1222 535 1256 3
566 1205 697 1259 quod,
721 1204 757 1245 si
777 1204 957 1259 privatis
979 1204 1024 1245 id
1044 1204 1159 1255 licet,
1180 1204 1332 1259 primae
1355 1211 1397 1245 et
1419 1219 1600 1245 summae

220 1280 478 1322 obedientiae
513 1279 671 1321 summi
707 1279 931 1321 Pontificis
973 1294 1062 1320 non
1103 1279 1388 1334 repugnando
1406 1296 1417 1330 3
1463 1279 1602 1320 multo

220 1355 359 1411 magis
380 1355 427 1396 in
447 1354 700 1410 hujusmodi
720 1354 1000 1395 missionibus
1025 1353 1246 1408 Superiori
1277 1353 1331 1394 ad
1361 1354 1473 1394 hanc
1505 1368 1603 1408 par-

219 1435 309 1471 tem
334 1430 496 1486 potius,
533 1444 663 1484 quam
702 1429 756 1469 ad
788 1429 921 1481 illam,
950 1436 1081 1484 prout
1114 1429 1159 1469 in
1193 1428 1386 1469 Domino
1420 1429 1602 1470 senserit

221 1505 465 1556 convenire,
488 1504 662 1546 eosdem
685 1503 867 1558 dirigere
890 1503 1050 1544 licebit.

163 1586 188 1621 2
222 1580 486 1634 Ubicunque
522 1579 618 1634 quis
660 1586 848 1628 maneat,
887 1578 922 1618 si
963 1593 1052 1618 non
1089 1587 1155 1618 est
1191 1577 1230 1617 ei
1260 1578 1523 1632 injunctum,
1554 1583 1605 1618 ut

220 1655 363 1697 medio
398 1655 541 1709 aliquo
582 1653 766 1694 limitato
808 1658 970 1703 utatur,
1014 1653 1139 1707 quale
1177 1660 1305 1703 esset,
1346 1653 1503 1707 legere,
1536 1653 1605 1693 vel

219 1729 469 1786 praedicare,
494 1728 540 1769 in
569 1743 618 1769 eo
657 1743 700 1768 se
739 1727 954 1768 exercebit
985 1741 1037 1768 ex
1068 1726 1134 1777 iis,
1167 1727 1326 1781 quibus
1357 1726 1497 1767 utitur
1527 1726 1605 1767 So-

220 1805 352 1847 cietas
374 1805 419 1845 in
442 1811 563 1845 sexta
589 1811 711 1858 parte
745 1802 886 1853 dictis,
919 1810 961 1842 et
992 1801 1189 1857 proximo
1223 1801 1363 1856 capite
1395 1801 1604 1852 dicendis,

220 1880 340 1936 quod
360 1879 498 1935 magis
521 1877 750 1920 convenire
775 1877 1005 1932 judicabit,
1029 1882 1071 1917 et
1103 1877 1267 1927 contra,
1290 1877 1408 1931 quod
1438 1876 1499 1917 ibi
1531 1877 1604 1917 de-

219 1956 448 1998 vitandum
470 1955 641 2005 dicitur,
665 1954 719 1994 ad
740 1952 879 2008 majus
902 1952 986 1993 Dei
1008 1951 1266 2006 obsequium
1288 1952 1418 1992 etiam
1440 1951 1603 1992 devita-

220 2031 299 2072 bit.

214 2220 396 2252 QUIBUS
422 2220 474 2247 IN
500 2218 658 2246 REBUS
683 2216 849 2244 DOMUS
875 2215 935 2241 ET
959 2212 1210 2241 COLLEGIA
1235 2212 1517 2240 SOCIETATIS

582 2291 849 2320 PROXIMUM
875 2288 1156 2316 ADJUVENT.

746 2359 877 2401 CAP.
911 2357 989 2398 IV.

165 2453 185 2488 1
223 2447 358 2489 ΘᾸΠΑ
381 2460 470 2486 non
493 2444 633 2485 solum
655 2441 835 2484 enititur
856 2439 1047 2481 Societas
1080 2437 1361 2477 discurrendo
1388 2452 1466 2492 per
1486 2437 1602 2478 varia

219 2522 328 2573 loca,
350 2521 427 2562 sed
447 2520 577 2561 etiam
607 2518 652 2558 in
684 2516 946 2572 quibusdam
979 2512 1252 2554 continenter
1282 2511 1510 2552 residendo
1537 2513 1602 2565 (ut

218 2597 363 2639 videre
395 2601 461 2637 est
490 2595 536 2635 in
568 2593 784 2643 domibus,
816 2591 883 2632 vel
921 2587 1126 2643 collegiis)
1164 2586 1384 2641 proximos
1423 2586 1601 2641 juvare:

220 2686 362 2728 operae
403 2669 593 2726 pretium
634 2672 700 2708 est
746 2664 1022 2714 intellexisse,
1060 2661 1218 2717 quibus
1255 2660 1395 2701 modis
1431 2660 1603 2716 possint

220 2748 375 2790 animae
406 2746 452 2787 in
488 2743 740 2800 hujusmodi
772 2742 878 2783 locis
916 2739 1085 2796 juvari3
1132 2744 1182 2778 ut
1208 2751 1356 2777 eorum
1387 2751 1487 2792 pars
1516 2736 1602 2788 illa,

219 2839 316 2880 quae
337 2822 511 2879 poterit,
534 2821 588 2862 ad
609 2819 789 2876 gloriam
811 2817 897 2858 Dei
919 2819 1179 2857 exerceatur.

831 2907 859 2934 G
882 2897 906 2932 2
