1987 3374
698 334 820 360 PARS
856 332 1073 362 QUARTA.
1572 326 1626 370 47

250 447 496 487 Romanum
538 452 587 484 ut
628 442 767 498 magis
818 442 1120 494 universalem,
1162 450 1203 482 et
1256 457 1384 496 quem
1426 444 1631 498 peculiari

249 520 437 576 quadam
458 518 623 560 ratione
648 517 782 560 Sedes
805 517 1059 574 Apostolica
1086 518 1283 573 amplexa
1315 526 1394 570 est,
1418 527 1629 573 quantum

248 595 439 651 patietur
459 594 687 650 regionum
709 593 908 644 varietas,
931 601 1148 648 sequetur.

191 677 216 713 3
252 671 305 712 In
338 670 621 712 concionibus
651 669 796 720 etiam,
826 678 867 709 et
900 669 943 709 in
977 669 1108 710 sacris
1136 668 1396 710 lectionibus
1426 684 1475 710 eo
1504 669 1632 710 modo

250 744 560 802 proponendis,
596 744 669 799 qui
706 743 982 785 aedificationi
1023 743 1175 799 populi
1217 743 1445 785 conveniat
1484 744 1573 798 (qui
1611 760 1634 784 a

253 820 521 861 Scholastico
545 818 739 860 diversus
761 820 841 871 est)
861 833 905 859 se
928 818 1058 859 etiam
1080 824 1321 870 exerceant,
1344 818 1633 874 studeantque

257 895 312 936 ad
348 895 393 935 id
434 909 595 935 munus
633 893 883 934 obeundum
926 893 1120 948 linguam
1161 894 1324 948 populo
1361 894 1634 935 vernaculam

252 970 360 1011 bene
383 969 617 1010 addiscere.
681 969 767 1009 Res
790 967 919 1009 etiam
942 967 1045 1008 alias
1073 968 1232 1009 vidisse
1264 978 1448 1024 oportet,
1472 978 1514 1010 et
1546 984 1634 1024 prae

253 1043 456 1085 manibus
498 1043 670 1094 habere,
714 1057 810 1098 quae
854 1043 908 1083 ad
950 1043 1032 1084 hoc
1075 1043 1265 1084 officium
1307 1043 1435 1084 utiles
1478 1044 1635 1085 futura³

254 1127 386 1172 sunt3
419 1134 467 1161 ac
497 1119 689 1171 demum,
721 1127 771 1159 ut
808 1118 962 1159 melius
995 1128 1035 1160 et
1069 1134 1168 1160 cum
1201 1118 1353 1174 majori
1378 1120 1523 1160 fructu
1547 1121 1638 1160 ani-

254 1211 424 1237 marum
446 1195 491 1236 id
512 1209 675 1236 munus
697 1194 871 1246 obeant,
894 1195 1080 1235 omnibus
1103 1196 1250 1236 mediis
1270 1200 1463 1247 utantur,
1479 1196 1636 1250 quibus

254 1271 481 1312 commode
505 1270 649 1326 juvari
671 1270 854 1326 possint.

195 1352 221 1386 4
256 1346 310 1387 In
351 1345 592 1387 ministerio
644 1344 774 1386 etiam
818 1344 1198 1386 Sacramentorum
1243 1346 1553 1397 Confessionis,
1597 1355 1637 1386 et

257 1419 590 1461 Communionis
609 1433 699 1460 sese
718 1427 945 1460 exerceant
959 1436 971 1470 3
994 1428 1036 1460 et
1053 1434 1141 1460 non
1165 1419 1304 1461 solum
1319 1420 1437 1475 quod
1453 1420 1508 1461 ad
1524 1420 1639 1476 ipso-

257 1511 368 1548 rum,
387 1495 463 1537 sed
477 1495 606 1537 etiam
625 1495 741 1550 quod
759 1495 813 1536 ad
827 1495 1148 1551 poenitentium,
1163 1502 1205 1537 et
1223 1496 1638 1538 communicantium

258 1572 447 1613 officium
468 1571 672 1627 pertinet,
695 1579 743 1612 ut
775 1571 884 1612 bene
917 1586 965 1612 ac
996 1571 1160 1613 utiliter
1192 1573 1246 1613 ad
1275 1573 1358 1613 Dei
1390 1573 1569 1628 gloriam
1593 1588 1641 1614 ea

256 1647 513 1703 percipiant,
536 1655 578 1687 et
600 1646 892 1700 frequentent,
916 1655 1193 1701 perspectum
1226 1647 1382 1688 habere
1412 1662 1458 1689 ac
1489 1649 1641 1702 exequi

258 1728 425 1763 curent.

200 1802 223 1838 5
259 1796 331 1838 Ad
352 1794 554 1837 exercitia
577 1795 817 1850 spiritualia
839 1794 931 1836 aliis
955 1795 1178 1847 tradenda,
1201 1797 1432 1851 postquam
1461 1797 1641 1853 quisque

258 1871 303 1912 in
341 1885 385 1912 se
423 1885 472 1912 ea
505 1870 635 1911 fuerit
672 1878 892 1926 expertus,
927 1880 1204 1921 assuescant3
1252 1880 1293 1913 et
1330 1872 1433 1913 dent
1469 1887 1641 1928 operam

259 1960 426 1997 omnes,
442 1953 492 1986 ut
514 1953 556 1986 et
580 1960 729 1986 eorum
751 1945 928 1986 reddere
951 1945 1175 1997 rationem,
1193 1954 1234 1986 et
1256 1946 1301 1986 in
1324 1947 1406 1988 hoc
1425 1962 1640 1988 armorum

262 2020 554 2077 spiritualium
577 2035 733 2075 genere
756 2020 982 2061 tractando
1010 2021 1143 2075 (quod
1166 2021 1249 2061 Dei
1272 2022 1409 2076 gratia
1431 2023 1485 2062 ad
1507 2022 1643 2077 ipsius

261 2095 519 2151 obsequium
543 2102 769 2150 tantopere
793 2095 984 2136 conferre
1015 2096 1219 2147 cernitur)
1246 2096 1545 2138 dexteritatem
1569 2098 1644 2138 ha·

260 2172 361 2213 bere
383 2170 568 2226 possint.

204 2251 229 2287 6
264 2245 470 2288 Studium
492 2244 622 2286 etiam
645 2260 887 2300 congruum
910 2245 964 2285 ad
986 2245 1163 2286 modum
1196 2246 1414 2287 tradendae
1438 2247 1645 2287 doctrinae

264 2321 524 2363 Christianae
563 2320 891 2371 addiscendum,
927 2321 1000 2375 qui
1044 2321 1098 2361 sit
1141 2322 1287 2377 captui
1329 2337 1562 2377 puerorum
1598 2337 1645 2362 ac

263 2396 438 2438 rudium
461 2396 828 2447 accommodatus,
852 2396 1120 2437 adhibeatur.

207 2474 229 2521 7
266 2471 329 2512 Ut
350 2471 395 2512 in
418 2470 617 2526 superius
639 2470 766 2512 dictis
788 2470 973 2526 proximi
997 2471 1050 2511 ad
1078 2470 1188 2511 bene
1221 2471 1453 2512 vivendum
1488 2472 1646 2526 juvan-

263 2555 362 2588 tur:
395 2547 456 2588 ita
478 2546 719 2587 curandum
743 2554 823 2597 est,
845 2555 893 2587 ut
923 2560 985 2597 ea,
1018 2561 1113 2600 quae
1147 2546 1201 2586 ad
1231 2545 1341 2587 bene
1373 2547 1645 2588 moriendum

265 2623 348 2664 illis
371 2622 615 2674 conferunt,
638 2622 959 2678 percipiantur3
1001 2622 1159 2677 quique
1191 2622 1347 2663 modus
1378 2622 1424 2663 in
1456 2637 1505 2663 eo
1538 2632 1646 2665 tem-

264 2713 382 2754 pore,
419 2698 463 2739 in
501 2712 587 2752 quo
624 2706 796 2739 tantum
840 2704 905 2739 est
942 2698 1151 2739 momenti
1186 2698 1239 2738 ad
1277 2698 1408 2739 finem
1444 2698 1645 2740 ultimum

264 2782 438 2814 aeternae
460 2772 677 2814 felicitatis
701 2774 1073 2828 consequendum,
1095 2773 1161 2814 rel
1195 2772 1248 2814 ab
1272 2788 1319 2814 ea
1343 2773 1646 2826 excidendum,

263 2849 402 2890 teneri
425 2849 594 2893 debeat,
617 2849 895 2904 intelligatur.
