1987 3374
699 317 820 349 'PARS
855 322 1072 352 QUARTA.
1570 315 1624 352 59

249 431 399 484 quavis
421 430 474 470 ab
496 430 584 471 ullo
606 444 684 485 pro
706 444 750 471 re
774 430 923 485 quavis
952 431 997 471 in
1028 431 1221 486 ipsorum
1253 432 1483 474 utilitatem
1514 435 1627 475 facta

247 505 439 561 accipere
490 505 742 561 permittat,
795 508 1125 560 quandoquidem
1165 509 1386 560 proemizcm
1432 514 1624 555 nostrum

246 582 359 622 solus
377 582 570 622 Christus
591 583 795 622 Dominus
813 582 948 634 juxta
969 586 1157 623 nostrum
1177 582 1428 624 Ire-stitutum
1452 586 1623 632 (merces

246 657 354 697 enim
375 670 526 710 magna
548 658 690 707 nimis)
711 657 901 708 futurus
922 662 997 697 est.

349 853 411 880 DE
437 854 515 891 IIS,
540 854 650 884 QUAE
676 854 960 881 PERTINENT
983 853 1049 880 AD
1073 853 1228 881 BONOS
1254 854 1431 883 MORES.

243 1005 566 1046 DILIGENTER
589 1012 777 1057 curetur,
799 1013 849 1046 ut
880 1004 956 1060 qui
985 1004 1151 1046 litteras
1183 1005 1378 1047 discendi
1408 1006 1545 1062 gratia
1567 1008 1622 1048 ad

244 1078 559 1120 Universitates
598 1079 826 1121 Societatis
861 1094 905 1121 se
943 1079 1187 1131 conferunt,
1230 1079 1359 1121 simul
1401 1095 1501 1121 cum
1537 1081 1620 1121 illis

240 1153 378 1194 bonos
407 1167 456 1194 ac
474 1153 742 1203 ,Christianis
771 1154 926 1210 dignos
954 1169 1095 1196 mores
1127 1154 1380 1195 addiscant:
1419 1155 1474 1195 ad
1505 1155 1622 1209 quod

241 1227 429 1269 multum
473 1227 649 1284 juverit,
692 1228 728 1270 si
779 1243 928 1270 omnes
971 1228 1152 1284 singulis
1205 1229 1356 1270 saltem
1397 1229 1620 1271 mensibus

241 1303 374 1344 semel
395 1303 450 1344 ad
471 1303 753 1345 confessionis
776 1311 1095 1345 sacramentum
1117 1304 1325 1345 accedent
1338 1321 1350 1356 3
1383 1304 1418 1345 si
1443 1305 1619 1346 missam

240 1377 447 1432 quotidie,
470 1378 723 1419 concionem
752 1378 934 1434 singulis
967 1378 1119 1419 diebus
1150 1378 1271 1419 festis
1298 1379 1412 1431 (cum
1445 1393 1494 1420 ea
1525 1379 1614 1433 fiet)

240 1453 431 1494 audient.
492 1453 562 1494 Ex
588 1453 932 1509 Praeceptoribus
966 1461 1111 1495 autem
1145 1454 1327 1508 quisque
1359 1442 1441 1496 hoc
1474 1469 1497 1495 a
1528 1455 1618 1496 suis

239 1528 462 1584 discipulis
484 1528 680 1584 praestari
701 1528 882 1570 curabit.

241 1603 504 1659 Praelegetur
540 1603 670 1644 etiam
703 1603 749 1644 in
792 1603 1001 1658 Collegio,
1038 1603 1181 1659 aliquo
1218 1603 1286 1646 die
1318 1604 1616 1660 cujuscunque

236 1677 536 1729 hebdomadae,
565 1677 813 1719 Christiana
841 1677 1062 1728 doctrina3
1095 1686 1136 1718 et
1164 1686 1214 1719 ut
1244 1679 1368 1733 pueri
1390 1694 1484 1720 eam
1506 1679 1617 1720 edis-

236 1759 352 1804 cant,
385 1759 428 1792 et
468 1751 666 1803 recitent,
708 1766 944 1806 omnesque
987 1751 1117 1793 etiam
1158 1752 1406 1804 adultiores,
1448 1753 1483 1794 si
1525 1754 1617 1794 fieri

234 1835 394 1883 potest,
416 1828 598 1869 eandem
620 1827 773 1880 sciant,
795 1827 1029 1869 curabitur.

237 1901 485 1943 Habebitur
518 1902 648 1943 etiam
685 1902 868 1957 singulis
902 1902 1186 1943 hebdomadis
1227 1904 1292 1955 (ut
1322 1903 1375 1944 de
1411 1903 1615 1960 Collegiis

234 1985 301 2018 est
342 1977 523 2030 dictum)
570 1976 623 2017 ab
666 1976 808 2031 aliquo
851 1991 903 2017 ex
945 1976 1222 2018 Scholasticis
1265 1977 1519 2020 declamatio
1561 1979 1614 2020 de

232 2050 377 2102 rebus,
428 2065 525 2105 quae
577 2050 854 2092 audientibus
904 2050 1180 2091 aedificationi
1222 2051 1322 2103 sint,
1364 2067 1522 2108 eosque
1560 2053 1614 2094 ad

233 2132 519 2180 augmentum
560 2124 605 2165 in
647 2125 766 2166 omni
806 2124 994 2180 puritate
1036 2139 1084 2165 ac
1125 2112 1284 2166 virtute
1320 2127 1612 2182 expetendum

232 2201 443 2243 invitent:
490 2207 541 2242 ut
573 2216 661 2242 non
698 2201 839 2243 solum
873 2201 1011 2257 stylus
1048 2210 1320 2255 exerceatur,
1364 2204 1439 2245 sed
1470 2219 1610 2246 mores

231 2277 430 2318 meliores
450 2277 700 2318 reddantur.
763 2276 930 2318 Omnes
964 2284 1109 2317 autem
1141 2292 1228 2330 eos,
1259 2279 1334 2333 qui
1364 2279 1496 2320 latine
1529 2280 1609 2321 sci-

231 2359 326 2403 unt,
348 2351 599 2407 hujusmodi
620 2352 921 2393 declamationi
942 2352 1148 2396 interesse
1171 2354 1400 2409 oportebit.

233 2426 287 2467 In
320 2427 478 2468 scholis
506 2442 585 2468 nec
621 2427 882 2482 juramenta,
920 2442 999 2469 nec
1035 2428 1203 2484 injuriae
1236 2430 1366 2471 verbo
1397 2430 1464 2471 vel
1492 2430 1606 2471 facto

230 2500 376 2553 iflatae,
397 2516 477 2542 nec
498 2501 779 2543 inhonestum
810 2510 885 2543 aut
916 2502 1176 2544 dissolutum
1207 2503 1313 2558 quid
1342 2503 1387 2544 in
1418 2505 1606 2546 externis

229 2575 284 2616 ad
325 2575 493 2617 scholas
535 2576 839 2618 accedentibus
888 2577 1178 2632 permittatur„
1239 2577 1419 2619 Feratur
1461 2588 1604 2621 autem

230 2651 552 2706 Praeceptorum
573 2651 800 2706 peculiaris
822 2651 1005 2693 intentio
1028 2660 1116 2693 tam
1138 2652 1183 2693 in
1209 2652 1482 2705 lectionibus,
1505 2654 1603 2695 ciun

229 2739 274 2766 se
302 2724 470 2766 occasio
492 2725 711 2777 obtulerit,
734 2740 864 2780 quam
887 2735 1007 2768 extra
1029 2742 1099 2768 eas
1123 2727 1176 2767 ad
1207 2727 1381 2768 eosdem
1404 2729 1459 2769 ad
1480 2728 1603 2770 obsc-

227 2800 378 2855 quium
406 2810 448 2842 et
485 2816 674 2843 amorem
704 2802 787 2842 Dei
817 2817 865 2843 ac
899 2803 1125 2854 virtutum,
1164 2802 1320 2857 quibus
1351 2804 1406 2844 Ei
1437 2804 1602 2859 placere
