2004 3294
307 277 385 313 124

811 286 1243 314 CONSTITUTIONUM

390 397 450 438 eis
471 404 613 452 potest
636 397 849 438 accedere.
909 397 1025 438 Talis
1056 406 1121 438 est
1144 397 1334 438 Societas
1365 397 1572 452 professa,
1595 410 1691 450 quae
1713 397 1758 437 in

390 472 593 527 Collegiis
630 487 701 513 eos
735 472 1024 513 instituendos
1058 472 1224 513 curabit
1260 472 1305 512 in
1346 472 1607 527 perfectione
1643 471 1758 522 vitae,

387 546 627 600 litterisque
651 546 896 586 Christiano
928 546 1085 600 dignis,
1108 546 1181 600 qui
1213 546 1423 586 talentum
1455 546 1509 585 ad
1539 545 1584 585 id
1616 544 1755 586 sortiti

388 635 479 661 esse
501 620 776 661 videbuntur.
840 619 901 659 Hi
923 619 1036 659 enim
1062 634 1139 674 pro
1173 619 1400 660 seminario
1424 619 1627 660 Societati
1658 634 1758 674 pro-

391 695 529 745 fessae,
552 701 593 734 et
616 693 707 748 ejus
731 693 1065 748 Coadjutoribus
1087 701 1213 734 erunt
1230 710 1242 744 3
1279 701 1335 744 et,
1358 693 1393 733 si
1425 707 1524 733 cum
1556 692 1759 747 Collegiis

390 768 703 810 Universitates
735 768 862 809 etiam
895 783 1008 809 curae
1051 767 1275 809 Societatis
1317 768 1556 808 commissae
1586 767 1760 818 fuerint,

389 842 613 883 observato
636 842 707 883 illo
729 843 857 883 modo
879 842 1155 897 procedendi,
1178 842 1230 882 de
1263 857 1348 896 quo
1379 841 1423 882 in
1456 849 1609 896 quarta
1638 849 1759 896 parte

390 917 554 958 dictum
577 925 656 968 est,
679 917 732 957 ad
754 918 886 958 finem
908 917 1093 957 eundem
1118 916 1351 971 juvabunt.

390 991 503 1033 Quia
523 998 754 1046 paupertas
776 1006 853 1045 pro
874 991 984 1032 vallo
1007 990 1252 1031 firmissimo
1284 998 1348 1030 est
1373 989 1685 1044 Religionibus,
1708 998 1757 1030 ut

388 1079 458 1105 eas
480 1065 524 1105 in
548 1072 663 1105 statu
685 1080 762 1105 suo
785 1073 827 1105 et
848 1064 1074 1120 disciplina
1096 1072 1332 1114 conservet,
1355 1072 1397 1104 et
1419 1065 1441 1103 a
1463 1063 1757 1118 compluribus

388 1140 586 1181 hostibus
623 1140 824 1180 defendat
869 1139 998 1193 (unde
1041 1139 1169 1179 etiam
1211 1140 1396 1179 Daemon
1438 1138 1616 1178 enititur
1650 1138 1758 1178 illud

387 1214 513 1255 variis
534 1214 772 1255 rationibus
795 1214 997 1266 evertere)
1022 1213 1150 1253 refert
1180 1212 1416 1267 plurimum
1448 1212 1502 1252 ad
1533 1226 1759 1253 conserva-

387 1289 549 1329 tionem
571 1296 613 1329 et
636 1293 918 1343 augmentum
940 1287 1073 1328 totius
1101 1286 1231 1341 hujus
1263 1287 1466 1341 corporis,
1497 1286 1649 1341 procul
1679 1286 1754 1326 ad-

388 1363 566 1403 modum
587 1377 759 1404 omnem
781 1361 967 1403 avaritiae
990 1361 1176 1416 speeiem
1206 1360 1451 1414 ablegasse3
1492 1360 1634 1401 nullos
1663 1360 1760 1400 red-

390 1437 520 1487 ditus,
561 1436 628 1477 vel
677 1436 985 1491 possessiones,
1026 1435 1094 1476 vel
1142 1434 1357 1490 stipendia
1396 1448 1475 1489 pro
1516 1433 1635 1474 verbi
1675 1432 1760 1474 Dei

390 1511 709 1566 praedicatione,
732 1517 806 1551 aut
825 1510 1023 1560 lectione,
1055 1518 1129 1550 aut
1159 1508 1317 1560 missis,
1348 1516 1423 1549 aut
1453 1506 1760 1548 administrati-

386 1599 467 1626 one
490 1592 871 1635 sacramentorum,
903 1591 978 1624 aut
1000 1583 1174 1624 demum
1196 1582 1325 1624 rebus
1349 1581 1614 1636 quibuslibet
1635 1581 1759 1636 spiri-

388 1660 577 1700 tualibus
604 1661 667 1713 (ut
696 1666 761 1700 est
791 1658 836 1699 in
869 1663 987 1699 sexta
1017 1665 1137 1712 parte
1170 1657 1349 1709 dietum)
1376 1656 1657 1706 admittendo,
1678 1670 1757 1696 nec

390 1734 444 1774 ad
466 1748 587 1775 suam
608 1733 839 1773 utilitatem
860 1731 1053 1773 redditus
1077 1730 1367 1785 Collegiorum
1389 1729 1660 1784 applicando.

388 1807 485 1848 Erit
507 1807 636 1848 etiam
659 1806 817 1848 summi
837 1805 1060 1856 momenti,
1082 1813 1131 1845 ut
1152 1812 1361 1859 perpetuo
1392 1803 1509 1844 foelix
1531 1802 1757 1844 Societatis

387 1887 525 1923 status
560 1889 851 1932 conservetur,
884 1879 1210 1934 diligentissime
1244 1879 1519 1928 ambitionem,
1555 1879 1758 1919 malorum

389 1957 568 1996 omnium
600 1954 645 1995 in
687 1954 836 2009 quavis
879 1953 1049 2008 Repub.
1090 1952 1158 1992 vel
1194 1951 1525 2006 congregatione
1561 1956 1756 2002 matrem,

388 2029 656 2079 submovere,
693 2042 741 2069 ac
775 2027 940 2068 aditum
976 2026 1030 2067 ad
1063 2025 1333 2081 dignitatem,
1360 2023 1429 2066 vel
1462 2023 1758 2080 praelationem

388 2103 521 2143 ullam
543 2102 703 2143 directe
723 2101 792 2143 vel
811 2100 1020 2142 indirecte
1041 2099 1317 2154 quaerendam
1337 2098 1383 2139 in
1406 2097 1618 2140 societate
1647 2113 1759 2153 prae-

389 2178 574 2218 cludere.
637 2176 769 2218 Quod
789 2180 838 2216 ut
859 2175 948 2226 fiat,
971 2188 1120 2215 omnes
1144 2173 1330 2215 Professi
1361 2187 1406 2214 se
1436 2171 1545 2213 nihil
1564 2186 1757 2226 unquam

388 2252 443 2292 ad
464 2265 558 2292 eam
580 2249 860 2291 obtinendam
882 2256 1067 2299 acturos,
1089 2255 1132 2288 et
1153 2262 1261 2302 quos
1292 2261 1417 2302 agere
1448 2245 1758 2286 animadverte-

387 2326 489 2376 rint,
518 2325 748 2375 delaturos,
778 2324 873 2365 Deo
899 2338 948 2364 ac
976 2322 1167 2364 Domino
1196 2329 1343 2363 nostro
1374 2325 1585 2362 voveant:
1619 2326 1663 2361 et
1691 2319 1757 2360 in-

389 2415 566 2456 capaces
589 2415 637 2441 ae
658 2399 868 2440 inhabiles
891 2398 945 2439 ad
975 2396 1270 2453 praelationem
1292 2395 1488 2451 quamvis
1518 2394 1759 2436 habeantur

387 2474 431 2525 ii,
473 2474 525 2515 de
567 2473 724 2528 quibus
766 2471 938 2528 probari
991 2478 1153 2526 posset,
1195 2470 1313 2525 quod
1353 2484 1447 2510 eam
1489 2468 1755 2510 ambiissent.

391 2547 652 2589 Promittant
689 2546 817 2588 etiam
858 2546 953 2587 Deo
995 2559 1042 2585 ac
1084 2544 1274 2586 Domino
1316 2548 1463 2585 nostro
1499 2543 1554 2584 ad
1594 2541 1757 2583 nullam

391 2621 518 2661 etiam
560 2629 679 2662 extra
731 2620 987 2662 Societatem
1037 2618 1346 2673 praelationem,
1387 2617 1455 2658 vel
1503 2615 1757 2672 dignitatem

390 2695 668 2736 obtinendam
691 2710 734 2736 se
757 2694 986 2750 quicquam
1008 2701 1192 2744 acturos,
1215 2708 1292 2734 nec
1325 2692 1379 2733 ad
1410 2691 1476 2732 sui
1505 2689 1756 2732 electionem

391 2768 444 2809 ad
465 2768 712 2824 hujusmodi
734 2784 907 2820 munus,
929 2767 1164 2823 quoadejus
1187 2767 1277 2810 fieri
1305 2765 1477 2822 poterit,
1498 2777 1756 2806 consensum
