2004 3294
355 276 408 312 98

865 288 1299 319 CONSTITUTIONUM

439 410 513 437 sex
534 397 749 438 mensium
772 398 853 439 erit
874 414 898 439 a
920 408 1127 455 tempore,
1150 416 1236 455 quo
1258 401 1428 452 litterae,
1451 416 1548 456 quae
1579 403 1631 443 de
1663 403 1743 443 hac
1764 418 1808 444 re

439 472 837 524 commonefacient,
876 474 1047 528 scriptae
1091 475 1264 516 fuerint.
1327 476 1553 531 Prorogari
1588 485 1734 518 tamen
1763 476 1810 517 id

436 553 608 600 tempus
657 547 816 600 poterit
839 564 849 596 3
902 548 1001 587 cum
1053 549 1286 589 necessitas
1337 550 1633 604 postulaverit.
1694 550 1806 591 Cum

433 634 533 660 vero
556 620 658 660 alias
682 620 736 660 ob
761 635 911 660 causas
943 621 1072 661 fuerit
1104 623 1421 677 congreganda,
1445 623 1668 665 Generalis
1691 624 1807 664 Prae-

433 693 602 746 positus
624 708 702 748 pro
725 708 802 734 suo
825 694 1035 734 arbitratu
1057 702 1229 749 tempus
1252 696 1510 750 designabit.

434 767 596 807 BIodus
619 767 664 807 in
687 768 990 822 congreganda
1013 768 1226 809 Societate
1250 770 1485 810 servandus
1517 770 1586 810 hic
1617 769 1725 821 erit3
1756 779 1805 811 ut

431 841 516 892 ille,
539 841 662 896 cujus
689 842 770 882 hoc
803 850 868 883 est
899 857 1074 893 munus,
1107 843 1336 884 confestim
1367 843 1494 884 variis
1525 843 1605 884 viis
1627 843 1806 885 Provin-

430 916 571 967 ciales,
594 925 636 957 et
659 916 770 971 siqui
793 932 844 957 ex
869 917 1077 958 Professis
1107 918 1326 972 sigillatim
1358 917 1624 959 convocandi
1645 925 1804 969 essent,

429 991 647 1047 adscripta
672 992 900 1046 (quantum
933 1000 998 1032 sat
1031 1006 1123 1032 esse
1156 992 1240 1047 ipsi
1261 992 1493 1046 videbitur)
1520 1006 1663 1042 causa,
1693 991 1802 1043 loco,

429 1071 471 1106 et
502 1074 709 1120 tempore,
742 1071 981 1106 conventus
1012 1065 1215 1116 habendi,
1253 1066 1453 1106 certiores
1485 1066 1627 1116 faciat,
1655 1065 1803 1106 admo-

426 1155 534 1180 nens
558 1154 744 1194 quoque,
772 1148 821 1180 ut
847 1139 1007 1194 ubique
1036 1139 1178 1180 missae
1211 1139 1493 1190 celebrentur,
1515 1147 1558 1180 et
1589 1139 1801 1180 orationes

425 1215 533 1254 fiant
554 1228 633 1268 pro
655 1213 767 1253 felici
785 1213 1011 1268 Praepositi
1033 1213 1256 1254 electione.
1320 1213 1634 1267 Unusquisque
1656 1220 1800 1253 autem

427 1287 762 1328 Provincialium
807 1287 858 1340 (si
910 1287 992 1342 ipsi
1045 1287 1123 1327 soli
1175 1287 1362 1341 eligendi
1410 1294 1671 1341 potestatem
1712 1301 1800 1327 non

425 1362 670 1415 habuerint)
698 1361 933 1412 Professos,
963 1361 1037 1415 qui
1067 1361 1112 1402 in
1143 1361 1279 1416 ipsius
1311 1360 1532 1416 provincia
1561 1369 1801 1412 versantur,

426 1438 633 1478 Rectores
666 1451 852 1491 quoque,
876 1444 918 1477 et
948 1436 1105 1477 locales
1129 1435 1405 1491 Praepositos,
1428 1435 1502 1490 qui
1532 1435 1678 1477 venire
1708 1435 1799 1476 sine

423 1527 582 1567 magno
615 1511 891 1552 incommodo
933 1510 1118 1566 possint,
1152 1510 1422 1552 convocabit.
1485 1510 1574 1551 Ubi
1608 1525 1708 1551 vero
1745 1510 1800 1550 ad

423 1587 815 1643 Congregationem
837 1586 1142 1641 provincialem
1166 1586 1460 1637 convenerint,
1483 1586 1643 1641 eligent
1663 1586 1798 1641 pluri-

419 1662 539 1702 ribus
562 1661 777 1716 suffragiis
799 1660 1092 1714 (Provincialis
1116 1660 1331 1701 sententia
1351 1675 1429 1715 pro
1452 1660 1622 1700 duobus
1644 1660 1796 1700 suffra-

420 1736 501 1791 giis
533 1736 772 1787 numerata)
809 1749 895 1785 eos,
925 1734 998 1788 qui
1030 1734 1084 1774 ad
1111 1733 1352 1788 generalem
1387 1733 1663 1774 Conventum
1694 1735 1795 1774 mit-

419 1818 595 1861 tantur3
642 1809 716 1863 qui
747 1824 839 1849 esse
871 1808 900 1848 ii
934 1808 1169 1858 debebunt,
1206 1823 1314 1862 quos
1347 1807 1484 1862 magis
1521 1807 1719 1862 expediat
1755 1807 1793 1848 ei

418 1883 651 1925 conventui
684 1883 906 1934 interesse,
949 1890 990 1922 et
1028 1897 1212 1936 quorum
1249 1881 1444 1922 absentia
1478 1881 1624 1921 minus
1662 1881 1792 1921 detri-

416 1958 553 1999 menti
577 1956 815 1998 Provinciae
838 1957 894 1997 sit
917 1956 1110 1996 allatura.
1173 1956 1265 2010 Ipsi
1296 1956 1412 2006 verb,
1445 1956 1573 2009 quam
1603 1955 1790 2010 primum

414 2039 635 2088 poterunt,
653 2033 707 2072 ad
729 2031 1015 2072 constitutum
1028 2031 1188 2081 locum,
1205 2030 1364 2071 relictis
1386 2029 1431 2070 in
1449 2029 1538 2070 suis
1554 2029 1790 2070 Provinciis

414 2107 611 2157 vicariis,
633 2114 675 2146 et
697 2105 826 2146 rebus
849 2104 1050 2145 omnibus
1082 2105 1192 2145 bene
1225 2103 1492 2159 compositis,
1513 2103 1790 2159 proficiscen-

416 2189 500 2221 tur.

415 2254 643 2296 Curabunt
664 2261 872 2309 praeterea
895 2252 1160 2307 Superiores,
1183 2260 1231 2292 ut
1254 2266 1419 2302 omnes,
1442 2251 1515 2306 qui
1538 2250 1619 2292 sub
1641 2250 1787 2292 obedi-

412 2329 530 2370 entia
571 2327 797 2369 Societatis
839 2327 1005 2377 vivunt,
1048 2326 1240 2381 quotidie
1283 2325 1328 2366 in
1366 2324 1633 2366 orationibus
1666 2333 1709 2365 et
1740 2324 1785 2365 in

408 2406 637 2446 missarum
660 2403 878 2445 sacrificiis
899 2403 1134 2458 plurimum
1158 2401 1348 2443 Domino
1370 2401 1676 2442 commendent
1697 2414 1784 2451 eos,

409 2481 483 2536 qui
499 2481 552 2521 ad
569 2479 812 2535 generalem
832 2477 1224 2533 Congregationem
1243 2491 1286 2517 se
1304 2476 1559 2526 conferunt3
1581 2483 1624 2516 et
1641 2473 1784 2525 simul,

408 2564 471 2605 ut,
495 2555 707 2609 quidquid
728 2554 771 2594 in
803 2568 851 2594 ca
883 2552 1160 2607 transigetur,
1183 2552 1237 2592 ad
1267 2550 1407 2607 majus
1439 2550 1710 2605 obsequium,
1741 2556 1782 2589 et

407 2628 593 2679 laudem,
616 2636 657 2668 et
680 2628 874 2682 gloriam,
896 2626 1029 2666 (livini
1051 2625 1238 2666 nominis
1262 2624 1400 2665 cedat.
