1987 3374
173 479 199 514 4

180 1527 206 1562 6

693 361 814 387 PARS
849 360 1064 390 QVARTA.
1389 375 1394 380 -
1548 353 1603 389 39

231 472 378 526 Aliqui
424 471 681 526 (cujusmodi
733 486 824 513 esse
867 480 1044 527 possent
1089 472 1371 527 Coadjutores
1413 472 1488 523 illi,
1531 474 1605 528 qui

230 547 370 602 legere
413 562 501 588 non
544 546 803 594 didicerunt)
849 556 1006 602 praeter
1048 547 1246 598 Missam,
1289 548 1438 588 horam
1475 548 1603 588 etiam

230 636 363 663 unam
394 621 615 663 recitando
648 622 827 663 Rosario
858 622 925 663 vel
948 621 1130 663 Coronae
1164 622 1309 663 Beatae
1334 622 1486 662 Mariae
1508 622 1605 662 Vir-

233 697 346 752 ginis
368 712 468 738 cum
491 697 652 752 duplici
674 697 868 738 examine
892 697 1158 752 quotidiano,
1182 697 1247 738 vel
1280 697 1371 738 aliis
1403 697 1605 738 orationi-

233 772 315 813 bus
343 787 421 827 pro
454 772 662 827 cujusque
697 772 937 823 devotione,
974 781 1023 813 ut
1049 773 1100 813 de
1134 772 1410 813 Scholasticis
1440 771 1602 812 dictum

234 856 313 898 est,
334 847 602 902 impendent.

234 921 304 961 Ad
332 921 572 962 devotionis
604 929 901 976 augmentum,
934 930 975 961 et
1005 921 1058 960 ad
1090 921 1360 961 excitandam
1400 914 1484 975 qua
1513 921 1606 960 Deo

234 994 429 1036 obstricti
464 1005 581 1045 sunt,
623 994 898 1050 obligationis
935 994 1200 1045 memoriam,
1238 1005 1279 1035 et
1314 995 1366 1035 ad
1401 994 1605 1049 majorem

235 1070 504 1111 studentium
535 1070 579 1110 in
612 1084 689 1110 sua
714 1069 936 1111 vocatione
969 1069 1355 1119 confirmationem,
1381 1069 1447 1109 bis
1483 1070 1605 1109 annis

235 1144 432 1201 singulis,
454 1145 499 1185 in
519 1145 640 1186 festis
668 1144 865 1186 videlicet
889 1144 1248 1195 Resurrectionis,
1271 1159 1318 1186 ac
1341 1144 1607 1193 Nativitatis,

233 1222 440 1274 simplicia
476 1225 588 1271 vota,
625 1236 720 1275 quae
757 1220 884 1276 juxta
916 1220 1145 1261 formulam
1187 1220 1231 1261 in
1271 1220 1436 1262 Quinta
1472 1220 1612 1269 Parte,

236 1296 375 1352 capite
399 1295 478 1337 IV.
501 1295 728 1337 dicendam
751 1295 1001 1346 emiserunt,
1024 1310 1265 1350 congruum
1288 1295 1365 1335 erit
1398 1309 1609 1335 renovare.

237 1371 297 1412 Et
318 1371 392 1425 qui
414 1385 462 1411 ea
491 1385 578 1412 non
609 1370 836 1421 emisisset,
865 1379 1013 1411 exacto
1045 1370 1218 1411 biennio
1249 1369 1531 1425 probationis,
1563 1378 1609 1409 ut

236 1445 282 1486 in
304 1445 515 1486 Examine
538 1445 808 1500 proponitur,
831 1445 1015 1496 emittet„

239 1521 352 1563 Cfim
386 1522 441 1563 ad
475 1521 671 1577 publicas
705 1521 882 1562 Scholas
917 1521 1109 1562 eundum
1148 1521 1225 1561 erit
1265 1524 1380 1571 (nam
1412 1520 1492 1560 alia
1519 1519 1612 1560 loca

238 1596 408 1652 injussu
432 1596 712 1652 Superiorum
735 1611 823 1637 non
845 1597 1010 1651 petent)
1037 1605 1137 1637 eant
1160 1604 1200 1637 et
1223 1596 1399 1637 redeant
1427 1595 1609 1636 invicem

239 1671 439 1712 associati
462 1685 561 1711 cum
583 1686 632 1711 ea
660 1670 870 1711 modestia
902 1670 1093 1711 interiori
1125 1685 1173 1711 ac
1206 1670 1417 1720 exteriori,
1440 1684 1537 1724 quae
1561 1670 1614 1710 ad

240 1745 307 1787 sui
328 1754 370 1786 et
392 1745 573 1786 aliorum
596 1744 926 1786 aedjficationem
949 1745 1175 1785 conveniat
1195 1762 1204 1795 3
1238 1752 1279 1785 et
1312 1759 1460 1785 eorum
1483 1743 1612 1785 collo-

239 1821 341 1877 quia
365 1836 464 1863 cum
497 1821 775 1863 Scholasticis
804 1821 990 1862 externis
1026 1821 1110 1861 sint
1150 1821 1288 1861 solinu
1318 1821 1368 1861 de
1402 1820 1529 1860 rebus
1563 1820 1616 1860 ad

238 1896 402 1938 litteras
430 1896 498 1938 vel
533 1896 776 1952 profectum
804 1895 980 1951 spiritus
1013 1895 1331 1951 pertinentibus
1349 1912 1360 1946 3
1401 1904 1529 1950 prout
1563 1895 1615 1935 ad

240 1971 445 2026 majorem
469 1972 551 2013 Dei
573 1971 753 2026 gloriam
777 1971 978 2011 omnibus
1002 1971 1149 2011 utilius
1172 1971 1260 2011 sore
1285 1970 1565 2025 judicabitur.

331 2171 393 2198 DE
419 2169 686 2205 DOCTRINA,
712 2168 793 2195 cm
820 2168 1140 2195 senoLAs'rim
1163 2168 1444 2194 soeisrA'rls

659 2242 882 2270 STL'DERE
908 2242 1119 2269 DEBENT.

779 2311 910 2353 CAP.
942 2311 996 2352 V.

244 2399 350 2441 Cfm
395 2398 616 2449 doctrinae,
658 2412 754 2452 quae
795 2397 839 2437 in
882 2397 962 2437 hac
1007 2395 1219 2436 Societate
1263 2396 1512 2447 addiscitur,
1546 2397 1615 2437 hic

244 2489 402 2530 scopus
423 2473 493 2525 sit,
522 2472 610 2514 suis
639 2480 682 2513 et
714 2471 1008 2528 proximorum
1043 2469 1196 2510 animis
1223 2469 1307 2510 Dei
1334 2470 1475 2512 favore
1505 2471 1617 2526 aspi-

242 2558 363 2591 rante
385 2548 587 2604 prodesse
605 2565 616 2598 ς
647 2548 741 2588 haec
763 2546 843 2588 erit
863 2546 905 2587 in
930 2545 1179 2586 universum
1202 2552 1243 2585 et
1275 2544 1316 2584 in
1351 2545 1618 2599 particulari-

241 2625 324 2666 bus
350 2622 546 2680 personis
582 2636 799 2672 mensura,
833 2636 885 2662 ex
922 2635 1006 2675 qua
1044 2619 1200 2675 quibus
1232 2618 1511 2660 facultatibus
1541 2620 1615 2660 ad-

241 2698 457 2741 discendis
480 2696 616 2738 nostri
637 2695 901 2746 incumbere,
923 2704 965 2736 et
998 2708 1222 2749 quousque
1254 2693 1298 2734 in
1327 2693 1387 2735 eis
1415 2695 1616 2749 progredi

240 2774 440 2825 debeant,
455 2779 681 2814 statuatur.
744 2771 802 2811 Et
831 2770 931 2825 quia
953 2769 1189 2825 generatim
1210 2768 1442 2823 loquendo,
1464 2769 1615 2810 litterae

240 2850 516 2893 humaniores
538 2848 801 2890 diversarum
823 2846 1084 2902 linguarum,
1109 2844 1269 2901 Logica
1291 2845 1460 2896 itidem,
1475 2846 1614 2886 Natu-

850 2936 879 2962 D
904 2926 927 2962 2
