2004 3294
430 868 452 913 *ἶ

907 312 1339 340 CONSTITUTIONCM

485 422 643 463 bonam
684 422 973 463 valetudinem
1025 423 1241 477 pertinent
1293 431 1386 463 tum
1428 423 1763 464 conservandam
1805 423 1850 464 in

487 496 601 538 sanis
632 504 674 538 et
706 496 880 551 quidem
908 496 953 537 in
982 496 1033 537 iis
1063 497 1316 551 praesertim,
1340 497 1413 551 qui
1435 511 1487 537 ex
1508 503 1648 548 aetate,
1668 497 1735 538 vel
1761 497 1852 538 aliis

486 571 537 611 de
574 570 712 611 causis
750 578 852 611 sunt
888 570 1128 621 debiliores,
1164 579 1258 611 tum
1295 570 1605 611 restituendam
1640 570 1684 611 in
1718 585 1853 626 aegro—

485 644 677 685 tantibus
695 660 704 685 :
738 645 806 684 cui
829 644 987 684 debent
1009 658 1172 694 omneS,
1195 643 1230 684 si
1251 644 1361 684 male
1384 658 1427 684 se
1449 643 1605 684 habere
1626 644 1852 695 senserint,

486 719 528 758 id
561 719 740 767 referre3
785 725 834 757 ut
870 717 922 757 de
955 716 1157 768 remedio,
1192 725 1321 771 prout
1355 717 1538 758 charitas
1573 717 1718 772 exigit,
1751 733 1852 760 con-

485 790 674 832 venienti
695 790 984 845 provideatur.

487 865 540 905 In
570 864 637 916 iis,
668 878 763 918 quae
794 863 1014 919 pertinent
1039 864 1093 904 ad
1127 878 1271 905 rerum
1305 863 1606 919 temporalium
1630 877 1854 905 conserva-

485 938 661 990 tionem,
686 946 842 993 praeter
867 952 1014 979 curam
1043 938 1175 989 illam,
1206 953 1335 993 quam
1368 938 1570 980 omnibus
1601 938 1786 980 charitas
1809 947 1850 979 et

483 1013 591 1054 ratio
611 1012 810 1067 imponit,
831 1026 1005 1067 aequum
1026 1012 1119 1064 crit,
1141 1011 1267 1053 alicui
1288 1012 1536 1053 demandari
1567 1012 1649 1053 hoc
1671 1026 1848 1062 munus,

485 1094 535 1128 ut
556 1095 763 1142 tanquam
783 1086 898 1128 bona
919 1087 1098 1128 Domini
1126 1087 1262 1128 nostri
1283 1087 1313 1128 J
1315 1101 1391 1128 esu
1415 1086 1577 1128 Christi
1607 1086 1784 1141 propria
1804 1100 1854 1127 ea

485 1169 619 1203 curet.
679 1161 750 1202 Ad
771 1161 873 1202 alias
895 1161 1020 1202 etiam
1043 1161 1302 1212 functiones,
1330 1168 1372 1202 et
1403 1175 1474 1202 eas
1504 1160 1736 1216 praecipue,
1758 1174 1853 1214 quae

485 1235 708 1277 honestius
750 1234 881 1286 domi,
922 1235 1050 1289 quam
1091 1234 1193 1276 foris
1234 1235 1360 1285 fiunt,
1402 1234 1642 1275 curandum
1683 1241 1762 1284 est,
1804 1241 1853 1274 ut

487 1309 733 1351 officialium
754 1309 1020 1350 necessarius
1050 1323 1256 1350 numerus
1287 1308 1599 1359 constituatur3
1631 1316 1674 1349 et
1703 1307 1854 1362 hujus-

488 1383 607 1425 modi
629 1382 766 1425 offieia
783 1383 1066 1438 Coadjutores
1087 1382 1131 1423 in
1153 1381 1281 1423 rebus
1298 1381 1500 1433 externis,
1514 1382 1550 1422 si
1571 1395 1621 1422 ea
1640 1381 1854 1436 ignorant,

488 1458 726 1509 addiscant,
758 1457 902 1499 omnia
932 1457 987 1498 ad
1017 1456 1221 1512 majorem
1252 1456 1430 1511 gloriam
1453 1456 1536 1498 Dei
1570 1455 1784 1498 Creatoris
1811 1462 1854 1496 et

489 1531 668 1574 Domini
688 1531 825 1573 nostri
847 1545 1016 1587 semper
1038 1530 1275 1585 dirigendo.

757 1860 1163 1928 QUARTA
1226 1860 1499 1954 PARS;

447 1981 496 2020 cle
516 1981 584 2030 iis,
599 1980 669 2031 qni
691 1980 733 2019 in
752 1978 962 2019 Societate
982 1979 1231 2028 retinentur,
1254 1978 1509 2018 instruendis
1529 1979 1573 2017 z'n.
1595 1977 1750 2017 litteris
1770 1981 1810 2015 et

436 2347 450 2381 l

618 2054 728 2104 aliis,
751 2067 837 2105 quoe
858 2053 915 2093 ad
936 2053 1155 2105 proximos
1173 2053 1385 2104 juvandos
1406 2052 1639 2104 conferunt.

876 2247 1374 2297 PROOEMIUM.

494 2338 598 2479 C
610 2342 706 2384 UM
746 2356 916 2397 scopus,
950 2341 1004 2381 ad
1045 2355 1173 2395 quem
1209 2340 1398 2381 Societas
1439 2341 1555 2381 recta
1596 2339 1748 2390 tendit,
1784 2338 1853 2389 sit,

610 2431 707 2457 suas
729 2430 776 2456 ac
798 2415 1091 2470 proximorum
1114 2414 1276 2455 animas
1299 2415 1352 2454 ad
1378 2415 1506 2455 finem
1529 2415 1731 2455 ultimum
1752 2428 1854 2455 con-

490 2490 772 2544 sequendum,
802 2489 855 2530 ad
886 2503 1013 2544 quem
1042 2493 1194 2530 creatae
1230 2488 1418 2539 fuerunt,
1447 2487 1628 2542 juvare3
1669 2487 1852 2542 cumque

491 2565 545 2605 ad
577 2565 621 2606 id
656 2572 812 2620 praeter
846 2565 946 2607 vitae
981 2563 1241 2619 exemplum,
1275 2563 1469 2604 doctrina
1504 2571 1547 2604 et
1579 2563 1734 2604 modus
1759 2576 1852 2603 eam

489 2640 758 2694 proponendi
795 2640 881 2681 sint
916 2638 1185 2689 necessaria3
1231 2638 1460 2694 postquam
1495 2638 1541 2679 in
1572 2637 1638 2688 iis,
1674 2637 1749 2691 qui
1779 2637 1853 2677 ad-

491 2713 610 2754 missi
633 2721 733 2754 sunt
756 2714 810 2754 ad
830 2713 1142 2768 probationem,
1167 2712 1333 2767 jactum
1356 2727 1447 2754 esse
1478 2711 1693 2753 videbitur
1722 2709 1851 2751 abne-

491 2787 674 2842 gationis
715 2788 897 2843 propriae
940 2796 981 2828 et
1022 2787 1237 2842 profectus
1275 2787 1316 2828 in
1354 2786 1585 2828 virtutibus
1626 2784 1851 2827 necessarii
