1987 3374
695 328 816 354 PARS
852 327 1067 357 QUARTA.
1550 316 1603 352 33

233 442 396 483 bonum
427 439 785 489 fundamentum3
832 438 884 478 de
918 438 1157 478 litterarum
1189 436 1370 476 aedificio
1402 443 1445 476 et
1477 435 1606 476 modo

233 517 294 557 eis
325 514 476 556 utendi
507 514 724 570 agendum
756 513 864 564 erit3
896 512 982 567 quo
1007 511 1158 567 juvare
1186 509 1355 566 possint
1387 510 1442 550 ad
1471 510 1608 565 magis

235 589 587 646 cognoscendum
620 588 843 644 magisque
881 586 1155 628 serviendum
1192 586 1288 627 Deo
1331 584 1525 626 Creatori
1562 598 1610 625 ac

237 665 428 707 Domino
462 672 624 705 nostro.
686 663 757 703 Ad
783 663 866 704 hoc
893 661 1101 717 Collegia,
1138 667 1182 702 et
1217 659 1450 715 aliquando
1482 658 1611 700 etiam

239 738 570 789 Universitates,
592 737 660 778 vel
683 736 837 779 Studia
858 735 1073 792 generalia
1096 735 1286 777 Societas
1309 732 1611 789 amplectitur3

238 815 282 856 in
315 814 473 870 quibus
502 813 576 868 qui
609 813 774 854 bonum
808 811 876 854 sui
904 812 1123 868 specimen
1150 811 1195 852 in
1222 810 1423 852 domibus
1456 808 1612 865 proba-

239 890 408 930 tionum
444 887 740 943 praebuerunt,
781 901 861 927 nec
902 894 1047 927 tamen
1090 885 1286 926 doctrina
1326 885 1381 926 ad
1416 891 1614 925 nostrum

237 962 490 1004 institutum
523 960 763 1002 necessaria
800 960 903 1001 satis
934 959 1138 1001 instructi
1170 966 1458 1009 accesserunt,
1488 958 1534 998 in
1566 972 1615 998 ea

241 1045 284 1078 et
316 1036 361 1077 in
395 1035 490 1077 aliis
522 1034 667 1086 rebus,
703 1049 800 1090 quae
834 1034 888 1075 ad
927 1033 1142 1090 juvandas
1177 1033 1341 1074 animas
1374 1031 1617 1082 conferunt,

239 1113 524 1153 instruantur.
579 1110 704 1152 Prius
726 1124 827 1165 ergo
850 1109 902 1151 de
923 1109 990 1160 iis,
1007 1123 1104 1164 quae
1127 1109 1181 1149 ad
1198 1107 1391 1163 Collegia
1404 1124 1415 1158 3
1447 1106 1617 1147 Deinde

242 1187 295 1228 de
316 1186 384 1238 iis,
412 1200 510 1241 quae
541 1185 596 1226 ad
628 1184 784 1226 Studia
814 1184 1030 1240 generalia
1058 1183 1294 1239 pertinent,
1317 1182 1497 1232 dicetur,
1520 1195 1617 1221 cum

242 1278 292 1304 eo
317 1262 474 1312 favore,
506 1275 635 1316 quem
664 1259 810 1302 divina
842 1259 1064 1315 Sapientia
1104 1259 1159 1300 ad
1199 1257 1406 1314 majorem
1439 1255 1618 1312 gloriam

242 1337 502 1391 laudemque
524 1350 647 1377 suam
668 1334 794 1376 nobis
817 1334 917 1375 dare
939 1333 1204 1390 dignabitur.

831 1459 947 1467 --—-

257 1551 320 1578 DE
344 1548 582 1577 MEMORIA
606 1549 848 1576 HABENDA
874 1547 1234 1583 FUNDATORUM,
1260 1547 1318 1573 ET
1343 1521 1472 1573 BENE:
1498 1544 1561 1571 DE

589 1623 849 1651 COLLEGIIS
874 1622 1194 1649 MERITORUM.

792 1691 923 1733 CAP.
958 1692 992 1732 1.

379 1774 637 1817 UONIAM
671 1774 717 1816 id
742 1774 928 1815 maxime
956 1773 1111 1815 rationi
1139 1779 1482 1814 consentaneum
1509 1769 1626 1810 vide-

379 1859 464 1903 tur,
484 1858 549 1903 ut,
571 1858 784 1906 quantum
806 1850 851 1891 in
872 1849 998 1891 nobis
1021 1849 1153 1890 situm
1186 1848 1254 1899 sit,
1277 1862 1425 1889 eorum
1448 1861 1472 1887 a
1503 1845 1626 1887 nobis

381 1927 533 1983 pietati
564 1941 612 1967 ac
643 1925 940 1967 beneficentiae
969 1924 1164 1975 satisfiat,
1187 1923 1345 1978 quibus
1378 1921 1523 1963 diw'na
1552 1921 1628 1961 bo-

251 2002 365 2044 nitas
397 2002 451 2042 ad
478 2001 779 2042 fundationem
809 2015 856 2041 ac
883 1999 1148 2040 dotationem
1173 1997 1464 2052 Collegiorum
1492 1995 1630 2036 utitur

255 2074 545 2117 administris:
591 2074 784 2114 Primum
813 2073 856 2113 in
892 2072 1044 2127 quovis
1077 2079 1236 2112 nostrae
1270 2069 1496 2111 Societatis
1530 2067 1629 2108 Col-

255 2150 366 2205 legio
386 2148 597 2205 perpetuo
630 2147 811 2203 singulis
842 2146 1186 2188 hebdomadibus
1210 2145 1361 2186 Missae
1390 2143 1521 2184 semel
1551 2157 1631 2197 pro

256 2225 349 2280 ejus
372 2223 618 2265 Fundatore
647 2230 689 2263 et
719 2220 1066 2263 benefactoribus
1098 2219 1205 2261 vivis
1237 2227 1279 2260 et
1310 2217 1491 2259 mortuis
1524 2216 1631 2257 cele-

257 2299 451 2340 brentur.
535 2285 545 2288 μ

260 2373 392 2415 Initio
425 2372 529 2414 item
563 2371 772 2427 cujusque
809 2368 969 2411 mensis
1006 2382 1156 2409 omnes
1191 2367 1447 2417 sacerdotes,
1482 2364 1556 2419 qui
1589 2364 1632 2404 in

261 2446 454 2503 Collegio
489 2446 663 2497 fuerint,
696 2459 774 2501 pro
811 2444 973 2486 eisdem
1010 2442 1141 2484 semel
1174 2441 1323 2483 offerre
1359 2440 1474 2481 idem
1508 2438 1634 2479 sacri-

260 2523 409 2565 ficium
429 2521 640 2578 perpetuo
663 2520 837 2562 debent.
899 2518 1091 2574 Singulis
1119 2517 1298 2572 insuper
1328 2514 1453 2556 annis
1481 2528 1531 2554 eo
1553 2512 1636 2563 die,

262 2612 347 2652 quo
383 2595 565 2651 collegii
606 2583 832 2650 cujusque
857 2593 1071 2650 possessio
1115 2589 1319 2633 Societati
1360 2587 1517 2630 tradita
1557 2594 1637 2638 est,

263 2687 363 2714 cum
398 2670 653 2713 solennitate
683 2669 824 2711 Missa
854 2683 932 2724 pro
965 2667 1191 2709 fundatore
1225 2673 1268 2707 et
1291 2662 1637 2706 benefactoribus

262 2746 501 2789 celebretur
519 2762 528 2786 :
561 2752 604 2786 et
624 2744 669 2785 id
690 2743 897 2800 temporis
919 2743 964 2784 in
986 2742 1138 2784 eodem
1162 2739 1355 2795 Collegio
1387 2738 1636 2793 quicunque

263 2822 505 2864 sacerdotes
528 2819 758 2871 adfuerint,
781 2819 932 2861 eodem
956 2833 1032 2859 sua
1053 2816 1238 2859 referent
1261 2814 1481 2857 sacrificia.
