1987 3374
691 310 812 336 PARS
847 308 1057 336 OCTAVA.
1554 300 1608 335 99

268 462 326 488 DE
352 459 488 488 MODO
514 459 956 496 DELIBERATIONIS,
980 458 1084 486 CUM
1110 458 1172 485 DE
1200 457 1481 486 ELECTIONE

615 534 900 562 GENERALIS
926 533 1132 561 AGITL'R.

755 612 886 654 CAP.
918 612 998 653 VI.

173 711 191 747 1
230 706 279 747 SI
319 714 559 747 conventus
593 705 783 746 indictus
821 713 886 746 est
929 705 984 745 ad
1024 705 1125 746 novi
1162 704 1403 760 Praepositi,
1451 704 1525 759 qui
1566 704 1612 744 in

229 781 444 822 demortui
464 781 609 822 locum
633 781 850 832 succedat,
873 780 1128 821 electionem
1143 797 1154 831 3
1199 780 1329 821 simul
1359 788 1488 834 atque
1520 794 1611 820 om-

229 872 306 898 nes
339 857 635 908 convenerint,
671 856 870 896 Vicarius
910 855 1136 897 Generalis
1172 864 1359 910 quatuor
1393 856 1483 896 dies
1513 863 1612 896 ante

230 931 458 986 Praepositi
478 931 615 971 futuri
637 930 892 971 electionem
915 930 967 970 de
990 930 1141 970 eadem
1173 945 1323 970 omnes
1355 930 1613 984 alloquatur,

226 1006 511 1060 horteturque
534 1005 590 1045 ad
611 1019 719 1056 eam,
741 1012 873 1060 prout
905 1004 960 1044 ad
990 1003 1130 1059 majus
1153 1004 1238 1045 Dei
1267 1004 1541 1059 obsequium,
1573 1010 1615 1045 et

226 1079 388 1121 bonam
427 1079 654 1121 Societatis
689 1078 1050 1135 gubernationem
1092 1078 1309 1130 convenit,
1345 1078 1613 1120 faciendam:

228 1161 272 1195 et
307 1161 465 1209 praeter
500 1154 618 1195 hunc
654 1154 782 1205 diem,
816 1160 903 1194 tres
941 1161 1174 1208 sequentes
1207 1153 1448 1204 habebunt,
1484 1159 1534 1194 ut
1571 1168 1614 1194 se

229 1230 326 1271 Deo
361 1230 682 1281 commendent,
719 1229 961 1284 meliusque
999 1229 1290 1280 considerent,
1325 1229 1525 1284 quisnam
1563 1244 1615 1270 ex

228 1305 430 1347 universa
453 1305 667 1347 Societate
691 1306 745 1346 ad
776 1305 1030 1360 hujusmodi
1052 1320 1200 1346 curam
1222 1305 1409 1346 maxime
1431 1305 1614 1346 idoneus

229 1379 286 1421 sit
310 1380 514 1431 futurus3
561 1387 603 1421 et
637 1395 686 1420 eo
715 1387 910 1435 tempore
948 1379 1150 1420 certiores
1181 1379 1304 1420 reddi
1333 1379 1385 1420 de
1417 1379 1482 1430 iis,
1517 1395 1614 1434 quae

230 1454 285 1495 ad
320 1469 412 1495 rem
447 1454 684 1509 pertinent,
719 1454 772 1495 ab
809 1454 908 1505 illis,
946 1454 1021 1509 qui
1054 1454 1165 1495 bene
1207 1459 1415 1509 poterunt
1443 1454 1615 1502 referre,

229 1537 410 1570 curent:
443 1529 581 1570 donec
613 1537 761 1570 tamen
792 1528 1095 1584 ingrediantur
1125 1529 1271 1569 locum
1303 1528 1540 1580 electionis,
1573 1535 1615 1570 et

226 1604 274 1644 in
299 1618 399 1644 eum
431 1603 725 1654 includantur,
760 1618 848 1644 non
886 1603 1096 1644 definiant
1131 1603 1248 1658 apud
1274 1618 1333 1654 se,
1368 1618 1497 1657 quem
1529 1603 1615 1644 sint

229 1677 420 1719 electuri.

171 1757 196 1793 2
231 1752 330 1794 Hoc
351 1751 494 1793 medio
516 1759 711 1807 tempore
743 1752 1045 1806 unusquisque
1069 1751 1150 1792 sub
1173 1766 1302 1807 poena
1319 1752 1615 1793 excommuni-

229 1826 413 1868 cationis
435 1826 534 1867 latae
558 1825 784 1867 sententiae
813 1834 1012 1867 teneatur
1032 1826 1204 1867 Vicario
1237 1826 1527 1877 manifestare,
1550 1827 1617 1867 vel

228 1901 357 1942 alicui
385 1916 436 1942 ex
468 1901 786 1956 antiquioribus
810 1901 1018 1942 Professis
1055 1902 1145 1956 (qui
1178 1916 1278 1942 cum
1309 1901 1481 1942 Vicario
1514 1916 1617 1942 con-

229 1976 351 2029 seret)
379 1975 415 2016 si
437 1975 564 2016 sciret
596 1975 783 2029 aliquem
815 1976 897 2016 hoc
926 1990 1088 2016 munus
1121 1976 1357 2026 affectasse,
1389 1976 1457 2016 vel
1488 1976 1616 2016 etiam

231 2059 338 2091 tunc
368 2050 581 2101 affectare,
614 2049 774 2090 directe
802 2058 876 2090 aut
910 2050 1118 2091 indirecte
1153 2050 1198 2090 id
1233 2050 1521 2105 procurando,
1550 2050 1618 2091 vel

234 2126 358 2182 signo
397 2125 540 2180 aliquo
577 2125 622 2166 id
659 2125 930 2166 declarando.
995 2125 1082 2167 Qui
1115 2134 1260 2166 autem
1291 2126 1343 2166 de
1381 2125 1616 2166 ambitione

233 2201 487 2257 hujusmodi
525 2200 749 2242 convictus
784 2208 912 2251 esset,
950 2200 1089 2241 activo
1127 2208 1169 2241 et
1206 2200 1377 2255 passivo
1413 2200 1617 2255 suffragio

231 2277 440 2333 privetur,
472 2282 522 2317 ut
553 2276 628 2330 qui
658 2290 738 2316 nec
771 2276 825 2316 ad
857 2275 1106 2331 eligendum
1138 2275 1284 2327 alium,
1322 2290 1417 2326 nec,
1446 2283 1495 2316 ut
1524 2275 1615 2330 ipse

232 2352 439 2407 elegatur,
463 2351 518 2392 sit
538 2351 720 2392 idoneus
738 2368 749 2402 3
781 2351 898 2392 unde
921 2366 1000 2391 nec
1023 2351 1068 2391 in
1091 2365 1185 2391 eam
1204 2350 1616 2406 Congregationem,

231 2442 311 2468 nec
333 2426 379 2467 in
402 2427 528 2467 aliam
549 2441 744 2481 unquam
766 2425 938 2466 admitti
959 2425 1112 2481 possit.

173 2507 198 2544 3
235 2502 338 2557 Ipso
361 2501 429 2542 die
459 2501 695 2553 electionis,
718 2501 793 2556 qui
823 2502 904 2542 hos
936 2506 1023 2541 tres
1056 2500 1147 2540 dies
1180 2507 1485 2554 consequetur,
1508 2499 1617 2540 cele-

231 2576 328 2617 bret
362 2575 517 2631 aliquis
559 2576 737 2617 missam
779 2576 831 2616 de
876 2575 1042 2631 Spiritu
1085 2582 1250 2626 sancto,
1293 2589 1423 2629 quam
1466 2588 1616 2614 omnes

231 2651 426 2703 audiant,
458 2666 506 2692 36
538 2651 584 2692 in
617 2651 766 2692 eadem
800 2651 1123 2692 sanctissimum
1158 2649 1323 2691 Christi
1355 2664 1512 2705 corpus
1546 2664 1617 2690 su-

232 2734 369 2767 mant.

172 2807 201 2843 4
235 2801 522 2843 Postmodum
545 2801 599 2842 ad
617 2816 838 2856 campanae
860 2801 1052 2856 pulsum,
1071 2800 1146 2854 qui
1169 2799 1423 2854 suffragium
1439 2798 1617 2849 habent,
