2004 3294
302 292 354 328 92

802 300 1158 328 CONSTITUTION
1170 300 1235 326 ΠΜ

386 412 500 453 inter
527 412 643 467 ipsos
675 412 939 467 SuperioreS,
976 426 1160 465 quorum
1197 410 1267 450 alii
1301 409 1391 450 aliis
1424 408 1684 458 subduntur,
1717 415 1760 448 et

388 486 639 527 inferiorum
662 501 762 540 erga
783 486 877 526 illos
899 485 1101 540 pertinet,
1123 485 1196 535 ita,
1217 493 1266 524 ut
1299 483 1472 538 singuli,
1504 482 1577 537 qui
1607 482 1651 522 in
1684 481 1759 521 ali-

390 575 475 615 qua
497 561 624 601 domo
651 560 718 600 vel
742 559 933 614 Collegio
966 566 1205 608 versantur,
1237 558 1291 597 ad
1322 572 1448 597 suum
1473 555 1758 611 Praepositum

386 635 581 685 localem,
604 649 680 674 seu
703 635 930 674 Rectorem
952 639 1188 682 recurrant,
1210 639 1252 672 et
1272 645 1349 685 per
1370 645 1469 671 eum
1489 630 1535 670 in
1557 629 1758 670 omnibus

385 709 475 763 regi
498 723 541 748 se
565 708 721 748 sinant.
783 706 860 747 Eis
883 715 1041 756 autem,
1064 705 1138 760 qui
1169 720 1246 760 per
1274 703 1541 759 provinciam
1571 702 1757 757 aliquam

386 782 513 823 variis
545 781 590 821 in
615 781 720 822 locis
755 779 961 835 disjuncti
994 787 1186 829 manent,
1216 778 1269 819 ad
1302 776 1612 818 Provincialem
1644 777 1758 817 Prae-

385 857 593 912 positum,
634 856 701 897 vel
742 855 873 896 alium
909 855 1088 895 localem
1129 853 1377 895 viciniorem
1419 851 1498 893 erit
1537 865 1758 892 recurren-

386 933 517 983 dum3
563 937 693 987 prout
727 931 786 972 eis
820 931 1066 986 injunctum
1099 929 1241 969 fuerit.
1304 927 1470 968 Omnes
1505 942 1605 968 vero
1644 927 1759 967 Prae-

387 1007 517 1063 positi
538 1007 709 1057 locales,
733 1006 798 1047 vel
821 1007 1025 1046 Rectores
1058 1004 1206 1045 crebra
1236 1001 1626 1044 communicatione
1658 1016 1758 1041 cum

388 1081 642 1122 Provinciali
664 1089 857 1131 utantur,
880 1088 922 1120 et
946 1080 1072 1135 juxta
1103 1078 1194 1133 ejus
1227 1077 1450 1118 arbitrium
1480 1076 1525 1116 in
1557 1075 1757 1117 omnibus

387 1172 430 1197 se
468 1163 632 1211 gerant.
695 1155 862 1196 Eodem
898 1154 1026 1195 modo
1066 1152 1290 1207 Praepositi
1328 1150 1615 1192 Provinciales
1657 1164 1757 1190 cum

389 1231 590 1272 Generali
627 1245 671 1271 se
707 1229 946 1270 habebunt.
1009 1228 1079 1269 Sic
1111 1227 1241 1277 enim,
1273 1225 1625 1267 subordinatione
1656 1239 1757 1265 con-

387 1312 565 1355 servata,
591 1304 709 1355 unio,
741 1318 837 1357 quae
870 1302 915 1343 in
950 1316 999 1342 ea
1027 1316 1156 1356 quam
1187 1299 1372 1341 maxime
1403 1298 1614 1349 consistit,
1645 1298 1759 1354 aspi-

384 1387 505 1420 rante
528 1378 665 1433 gratia
690 1377 788 1428 Dei,
811 1375 1146 1418 conservabitur.

386 1453 531 1508 Siquis
563 1452 785 1493 divisionis
816 1452 883 1492 vel
905 1450 1184 1491 dissensionis
1207 1464 1369 1500 eorum,
1391 1449 1465 1503 qui
1486 1449 1572 1489 una
1591 1447 1758 1499 vivunt,

384 1528 496 1569 inter
518 1542 577 1578 se,
598 1527 666 1568 vel
688 1541 786 1567 cum
816 1541 894 1566 suo
917 1525 1056 1580 capite
1079 1532 1203 1564 autor
1224 1538 1316 1564 esse
1349 1530 1621 1573 cerneretur3
1664 1522 1759 1563 dili-

384 1601 635 1658 gentissime
668 1600 720 1641 ab
753 1615 801 1640 ea
834 1598 1179 1654 Congregatione
1210 1598 1328 1638 velut
1358 1597 1508 1652 pestis,
1534 1611 1631 1651 quae
1664 1611 1757 1637 eam

386 1682 530 1731 potest
565 1688 837 1729 summopere
874 1673 1062 1724 inficere,
1099 1672 1134 1713 si
1167 1686 1357 1726 praesens
1399 1670 1635 1711 remedium
1668 1685 1756 1711 non

385 1749 649 1800 adhibeatur,
676 1747 939 1802 separandus
962 1751 1040 1787 est.

387 1824 456 1864 Ex
491 1830 613 1878 parte
653 1821 878 1876 Praepositi
911 1820 1150 1871 Generalis,
1187 1834 1282 1874 quae
1320 1819 1374 1859 ad
1406 1819 1518 1858 hanc
1551 1818 1756 1859 unionem

387 1898 629 1939 animorum
652 1897 888 1946 conferent,
911 1902 1013 1935 sunt
1036 1909 1095 1934 eae
1125 1894 1261 1944 dotes,
1284 1893 1440 1947 quibus
1467 1894 1531 1947 (ut
1561 1892 1606 1933 in
1638 1907 1758 1934 nona

384 1979 506 2028 parte
529 1971 708 2024 dicetur)
743 1984 842 2010 eum
875 1967 1069 2009 exornari
1101 1975 1298 2022 oportet3
1330 1966 1487 2020 quibus
1518 1981 1617 2006 cum
1647 1981 1757 2021 prae-

386 2047 502 2088 ditus
524 2045 667 2096 fuerit,
690 2059 790 2100 erga
811 2043 955 2085 omnia
976 2042 1168 2083 membra
1191 2041 1416 2083 Societatis
1448 2056 1525 2082 suo
1554 2041 1758 2096 fungetur

386 2121 540 2171 officio,
562 2120 714 2175 capitis
736 2118 948 2168 videlicet,
971 2132 995 2158 a
1016 2132 1100 2172 quo
1130 2117 1173 2157 in
1205 2117 1321 2157 illam
1353 2116 1542 2174 influssus
1573 2116 1627 2156 ad
1647 2130 1758 2171 prae-

389 2198 523 2237 fixum
545 2195 627 2250 ipsi
650 2195 781 2234 finem
804 2192 1066 2233 necessarius
1085 2192 1343 2232 descendat:
1376 2200 1418 2232 ct
1441 2191 1500 2232 sic
1515 2206 1539 2232 a
1556 2190 1756 2232 Generali

388 2269 640 2325 Praeposito,
673 2276 720 2309 ut
753 2283 776 2308 a
807 2267 963 2322 capite,
994 2266 1193 2306 universa
1222 2266 1403 2307 facultas
1427 2265 1755 2306 Provincialium

388 2344 645 2399 egrediatur,
669 2357 716 2383 ac
738 2357 814 2397 per
835 2356 907 2382 eos
930 2341 984 2381 ad
1005 2340 1199 2391 Locales,
1221 2355 1297 2395 per
1317 2341 1396 2381 hos
1419 2348 1562 2380 autem
1595 2339 1650 2380 ad
1670 2339 1757 2380 sin-

388 2420 557 2475 gulares
579 2432 785 2474 personas
809 2415 1069 2457 descendat:
1103 2415 1162 2455 sic
1191 2415 1318 2455 etiam
1352 2415 1404 2455 ab
1436 2415 1586 2456 eodem
1618 2414 1756 2470 capite

393 2493 621 2554 (vel-certe
658 2507 707 2533 eo
745 2506 867 2532 suam
900 2490 1147 2530 facultatem
1190 2489 1550 2540 communicante,
1591 2496 1633 2530 et
1667 2502 1758 2529 rem

390 2567 670 2623 approbante)
704 2565 930 2606 missiones
962 2564 1211 2619 procedant.
1272 2564 1339 2604 Dc
1371 2562 1758 2604 communicatione

392 2642 626 2697 gratiarum
650 2639 876 2682 Societatis
899 2639 1155 2680 tantundem
1189 2639 1243 2680 sit
1274 2639 1452 2680 dictum.
1515 2638 1614 2681 Quo
1645 2637 1759 2678 enim

392 2715 529 2770 magis
572 2715 791 2755 inferiores
834 2729 857 2754 a
899 2713 986 2754 suis
1031 2713 1332 2767 Superioribus
1374 2711 1659 2767 pendebunt:
1711 2726 1760 2752 eo

391 2790 544 2832 melius
567 2804 684 2831 amor
706 2788 959 2830 obedientiae
983 2795 1109 2842 atque
1132 2788 1234 2828 unio
1256 2788 1367 2829 inter
1389 2801 1459 2829 eos
1480 2785 1747 2827 retinebitur.
