2004 3294
299 295 352 331 66

810 304 1244 333 CONSTITUTIONUM

385 414 542 456 dentiae
563 429 611 456 ac
632 414 836 470 probitati
861 430 885 456 a
907 416 1001 457 Deo
1033 415 1116 470 ipsi
1147 415 1319 467 donata)
1352 414 1627 466 commiserit,
1658 429 1754 470 spe-

384 496 515 531 retur.

493 684 555 710 DE
580 683 715 710 MODO
740 683 1053 710 ADMITTENDI
1080 683 1145 710 AD
1171 683 1559 711 PROFESSIONEM.

385 835 600 878 QUANDO
623 835 769 890 aliqui,
791 842 964 891 peracto
989 835 1254 891 probationis
1287 844 1494 891 tempore,
1516 843 1558 877 et
1589 836 1754 891 experi-

383 909 555 961 mentis,
577 924 625 951 ac
647 909 754 961 aliis,
776 924 872 964 quae
899 910 944 950 in
966 909 1176 951 Examine
1209 910 1501 961 continentur,
1533 910 1754 962 confectis,

385 985 439 1026 ad
469 984 778 1040 professionem
810 984 1066 1025 admittendi
1097 984 1285 1036 fuerint3
1322 985 1421 1025 cum
1448 984 1666 1035 Societati,
1687 985 1755 1026 vel

385 1058 477 1114 ejus
501 1059 738 1114 Praeposito
757 1058 958 1100 Generali
979 1058 1107 1114 plene
1129 1058 1184 1099 sit
1205 1058 1250 1099 in
1264 1058 1454 1100 Domino
1472 1058 1754 1110 satisfactum,

383 1133 591 1188 professio
613 1134 694 1174 hoc
716 1133 859 1184 modo,
881 1133 955 1187 qui
978 1132 1185 1187 sequitur,
1207 1132 1440 1174 emittetur.

387 1207 441 1248 In
469 1207 618 1262 primis
649 1207 911 1262 Praepositus
945 1206 1182 1258 Generalis,
1213 1206 1281 1247 vel
1311 1207 1386 1261 qui
1417 1214 1592 1262 accepta
1622 1207 1675 1247 ab
1705 1221 1754 1247 eo

384 1282 602 1334 facultate,
628 1282 683 1323 ad
718 1281 1029 1337 professionem
1066 1281 1280 1332 admittet,
1310 1288 1543 1336 postquam
1571 1281 1755 1335 publicae

384 1355 527 1396 missae
550 1355 806 1396 sacrificium
828 1354 1032 1396 obtulerit
1059 1354 1104 1395 in
1136 1353 1314 1395 ecclesia
1334 1368 1479 1395 coram
1510 1354 1756 1395 domesticis

385 1437 428 1470 et
449 1429 541 1470 aliis
563 1429 764 1481 externis,
787 1430 861 1484 qui
880 1428 1169 1480 interfuerint,
1191 1442 1291 1469 cum
1313 1427 1585 1469 sanctissimo
1608 1428 1758 1469 Sacra-

383 1512 531 1545 mento
562 1503 848 1546 Eucharistiae
880 1504 935 1544 ad
965 1518 1078 1555 eum,
1107 1502 1181 1558 qui
1211 1502 1522 1558 professionem
1544 1509 1609 1543 est
1630 1502 1758 1543 emis-

386 1595 526 1632 surus,
559 1595 603 1621 se
634 1587 883 1621 convertat:
929 1580 1007 1621 Ille
1038 1587 1183 1621 autem
1211 1579 1408 1620 absoluta
1437 1579 1624 1634 generali
1655 1594 1757 1620 con-

385 1654 584 1706 fessione,
606 1662 649 1696 et
669 1654 824 1705 verbis,
847 1668 943 1708 quae
975 1661 1074 1694 ante
1107 1653 1456 1694 communionem
1488 1653 1572 1694 dici
1603 1653 1756 1705 solent,

384 1743 487 1770 voce
510 1728 595 1769 alta
614 1728 778 1769 Votum
801 1742 929 1768 suum
951 1726 1161 1782 scriptum
1188 1727 1320 1781 (quod
1350 1727 1513 1781 aliquot
1545 1734 1642 1768 ante
1666 1727 1756 1768 dies

387 1803 720 1845 consideraverit
741 1802 926 1858 oportet)
951 1802 1065 1857 leget
1082 1818 1093 1852 3
1125 1801 1248 1857 cujus
1270 1801 1455 1842 formula
1474 1802 1567 1842 haec
1589 1810 1667 1843 est.

388 1878 497 1933 Ego.
534 1878 593 1919 N.
626 1877 936 1932 professionem
976 1875 1101 1927 facio,
1137 1882 1179 1916 et
1213 1875 1434 1930 promitto,
1471 1875 1757 1930 omnipotenti

387 1954 483 1994 Deo
505 1966 648 1993 coram
669 1951 761 2006 ejus
782 1950 962 2005 Virgine
983 1958 1134 2000 matre,
1156 1958 1199 1990 et
1220 1949 1419 1990 universa
1443 1949 1604 1990 coelesti
1625 1949 1756 2001 curia,

387 2042 435 2068 ac
477 2026 678 2067 omnibus
727 2024 1107 2075 circunstantibus,
1149 2030 1192 2064 et
1232 2022 1311 2064 tibi
1348 2023 1465 2064 Patri
1505 2024 1756 2065 Reverendo

388 2100 624 2156 Praeposito
649 2099 850 2141 Generali
873 2098 1098 2140 Societatis
1120 2098 1148 2139 J
1152 2112 1228 2138 esu
1259 2099 1392 2139 locum
1411 2098 1494 2139 Dei
1524 2100 1693 2150 tenenti,
1715 2104 1757 2140 et

388 2174 707 2216 successoribus
737 2173 850 2224 tuis3
891 2172 973 2223 vel,
1000 2172 1080 2213 tibi
1109 2172 1360 2213 Reverendo
1393 2163 1509 2221 Patri
1538 2172 1630 2214 vice
1653 2173 1757 2214 Pro-

386 2248 517 2305 positi
560 2247 784 2290 Generalis
827 2246 1052 2288 Societatis
1084 2245 1192 2288 Jesu
1236 2251 1278 2287 et
1320 2261 1616 2288 successorum
1649 2246 1756 2302 ejus,

389 2326 520 2365 locum
540 2324 622 2364 Dea·
654 2323 823 2373 tenenti,
850 2328 1105 2377 perpetuam
1139 2321 1458 2375 Paupertatem,
1488 2321 1756 2372 Castitatem,

388 2404 430 2439 ct
467 2396 786 2447 Obedicntiam,
823 2402 866 2436 et
899 2394 1137 2436 secundum
1180 2409 1288 2445 eam,
1321 2396 1579 2447 peculiarem
1615 2409 1757 2436 curam

389 2475 502 2515 circa
535 2485 764 2526 puerorum
801 2471 1086 2520 eruditionem,
1124 2468 1251 2523 juxta
1283 2469 1466 2510 formam
1506 2469 1677 2511 vivendi
1712 2469 1756 2510 in

388 2546 541 2588 litteris
562 2544 824 2601 Apostolicis
848 2543 1073 2586 Societatis
1095 2543 1217 2595 Jesu,
1240 2551 1282 2584 et
1303 2543 1348 2584 in
1380 2544 1472 2598 ejus
1496 2543 1755 2585 Constituti-

389 2621 543 2662 onibus
566 2627 827 2661 contentam.
890 2618 1076 2673 Insuper
1105 2617 1311 2673 promitto
1344 2617 1571 2673 specialem
1595 2617 1757 2658 Obedi-

390 2694 548 2736 entiam
572 2710 739 2736 summo
756 2692 954 2736 Pontifici
976 2692 1087 2734 circa
1108 2692 1358 2745 missiones3
1389 2699 1516 2748 prout
1534 2691 1578 2733 in
1595 2691 1755 2734 eisdem

1990 401 1999 420 ι
