1987 3374
693 335 813 360 luxus
849 334 1065 364 quR'rA.
1565 322 1618 368 37

198 502 256 529 DE
282 499 645 537 SCHOLAS'rlcls,
670 500 752 530 QUI
782 500 833 526 ΙΝ
861 499 1121 526 COLLEGIIS
1147 497 1576 525 CONSTITUENTUR.

183 674 198 710 1

179 972 203 1008 10

765 576 895 617 CAP.
929 575 1017 616 ΙΙΙ.

238 668 383 712 QUoi)
406 669 460 710 ad
484 668 773 710 Scholasticos
803 668 972 719 attinet,
995 667 1049 709 ad
1078 682 1263 722 quorum
1296 665 1613 707 institutionem

239 745 431 801 Collegia
453 750 750 797 assumuntur,
772 744 817 785 in
850 743 999 799 primis
1031 743 1179 798 quales
1211 758 1303 784 esse
1341 741 1541 791 debeant,
1572 746 1619 781 ut

237 820 291 860 ad
332 835 381 861 ea
421 820 489 860 vel
530 820 773 870 mittantur,
815 819 883 860 vel
925 818 1225 868 admittantur,
1268 816 1538 858 considerare
1573 815 1616 856 in

238 894 427 934 Domino
450 893 680 948 oportebit.

238 968 432 1008 Primum
461 966 656 1008 omnium
694 981 794 1007 cum
829 966 973 1021 aliquo
1007 981 1059 1006 cx
1094 965 1286 1020 quinque
1318 964 1402 1005 illis
1434 964 1617 1019 impedi-

236 1042 394 1083 mentis
415 1042 461 1083 in
485 1041 688 1083 Secunda
711 1042 837 1082 Parte
861 1040 988 1082 dictis
1011 1040 1157 1081 nullus
1180 1040 1223 1080 in
1248 1039 1441 1094 Collegio
1474 1039 1616 1093 aliquo

237 1116 464 1158 Societatis
486 1116 600 1157 inter
615 1116 905 1158 Scholasticos
929 1115 1126 1156 collocari
1148 1114 1320 1170 poterit.
1382 1114 1441 1154 Et
1462 1121 1619 1168 praetcr

238 1191 524 1247 Coadjutorcs
554 1193 608 1232 ad
638 1191 877 1232 ministeria
914 1191 981 1231 vel
1010 1190 1217 1231 auxilium
1254 1189 1436 1244 Collegii
1468 1204 1616 1229 neces-

236 1267 383 1319 sarios,
397 1267 550 1322 reliqui
572 1266 823 1322 hujusmodi
846 1280 938 1307 esse
962 1265 1136 1316 debent,
1151 1273 1200 1306 ut
1223 1264 1464 1306 secundum
1486 1263 1614 1303 ratio-

235 1356 334 1382 nem
365 1341 525 1397 sperari
559 1341 712 1396 possit,
742 1341 919 1382 idoneos
958 1341 1011 1381 ad
1039 1340 1209 1381 vincam
1243 1338 1406 1380 Christi
1435 1337 1615 1378 Domini

236 1424 384 1458 nostro
407 1416 603 1471 exemplo
626 1431 673 1457 ac
696 1416 936 1456 doctrinam
966 1415 1243 1456 excolendam
1275 1428 1367 1454 esse
1400 1426 1616 1454 evasuros.

238 1492 298 1533 Hi
322 1500 467 1533 autem
490 1506 575 1547 quo
599 1491 736 1547 magis
760 1490 987 1546 ingeniosi,
1008 1490 1221 1544 bonisque
1243 1489 1436 1529 moribus
1459 1487 1613 1538 ornati,

236 1574 278 1608 et
311 1566 404 1607 sani
436 1581 613 1621 corpore
643 1566 697 1607 ad
730 1566 929 1606 ferendos
958 1565 1201 1606 studiorum
1233 1564 1399 1604 labores
1428 1563 1615 1613 fuerint3

235 1656 284 1682 eo
307 1641 445 1696 magis
468 1640 626 1691 idonei,
644 1648 685 1681 et
709 1640 836 1681 citius
860 1640 913 1680 ad
932 1639 1125 1693 Collegia
1146 1638 1275 1689 mitti,
1297 1638 1364 1678 vel
1385 1637 1429 1678 in
1452 1637 1612 1678 eisdem

234 1714 404 1756 admitti
425 1721 625 1770 possunt.

233 1789 305 1830 Ad
326 1789 433 1840 haec,
455 1788 515 1829 illi
538 1788 677 1829 solum
700 1788 744 1829 in
769 1788 1060 1830 scholasticos
1089 1786 1350 1842 approbatos
1383 1785 1615 1826 admitten-

234 1871 319 1915 tur,
342 1863 418 1919 qui
438 1863 483 1904 in
507 1863 708 1904 domibus
730 1863 798 1904 vel
821 1862 1026 1917 Collegiis
1048 1862 1153 1917 ipsis
1175 1861 1347 1917 probati
1374 1860 1550 1911 fuerint,
1572 1869 1615 1901 et

233 1938 410 1979 biennio
444 1937 489 1978 in
522 1937 650 1978 variis
680 1937 985 1992 experimentis
1021 1942 1063 1977 et
1096 1935 1425 1991 probationibus
1451 1943 1615 1986 exacto,

233 2027 282 2053 ac
315 2012 427 2053 votis
465 2027 564 2052 cum
600 2011 886 2066 promissione
924 2011 975 2051 de
1015 2009 1241 2051 Societatis
1283 2009 1481 2063 ingressu
1519 2009 1612 2064 jam

235 2086 420 2135 emissis,
442 2086 497 2127 ad
518 2086 651 2127 vitam
673 2086 718 2127 in
740 2086 834 2141 ipsa
854 2093 1064 2141 perpetuo
1087 2084 1329 2126 ducendam
1358 2084 1412 2125 ad
1433 2084 1612 2139 gloriam

233 2161 317 2202 Dei
337 2160 635 2202 admittentur.

236 2236 398 2277 Praeter
433 2235 528 2286 hos,
562 2234 705 2276 studia
746 2234 1007 2289 quibusdam
1049 2233 1362 2285 conceduntur,
1403 2232 1478 2287 qui
1514 2237 1613 2273 ante

234 2311 458 2352 biennium
504 2318 546 2352 et
596 2309 873 2366 probationes
924 2309 1175 2365 hujusmodi
1226 2309 1281 2350 ad
1326 2308 1519 2364 Collegia
1560 2323 1612 2349 ex

234 2385 435 2427 domibus
478 2385 752 2427 destinantur
797 2385 931 2440 (quod
982 2385 1042 2425 sic
1090 2384 1133 2425 in
1176 2383 1368 2425 Domino
1411 2383 1610 2439 expedire

232 2461 442 2515 videatur)
469 2468 543 2502 aut
565 2460 609 2502 in
631 2461 793 2502 eisdem
816 2460 1131 2510 admittuntur3
1164 2475 1252 2501 non
1284 2467 1430 2500 tamen
1453 2473 1608 2514 appro-

231 2535 322 2577 bati
344 2535 598 2577 Scholastici
619 2543 865 2587 censentur,
887 2536 1024 2577 donee
1045 2533 1220 2575 biennio
1252 2541 1401 2574 exacto
1433 2542 1476 2574 et
1496 2533 1608 2574 votis

232 2627 280 2653 ac
311 2611 593 2668 promissione
626 2612 697 2653 illa
728 2612 910 2663 emissis,
932 2612 976 2652 in
1010 2610 1346 2666 approbatorum
1376 2624 1605 2651 numerum

231 2688 483 2729 referantur.
