1987 3374
691 337 812 364 PARS
848 336 1056 365 DECIMA.
1518 330 1595 367 125

222 446 518 503 praestituros,
566 445 600 486 si
637 446 728 501 ejus
763 446 1020 498 obedientia,
1049 446 1123 501 qui
1157 446 1237 487 sub
1268 460 1397 502 poena
1428 450 1594 502 peccati

221 527 365 577 potest
386 520 633 576 praecipere,
655 536 727 562 eos
749 536 837 562 non
860 521 1117 577 compulerit
1135 537 1145 562 t
1189 521 1265 562 sed
1295 522 1594 577 unusquisque

220 596 364 638 videat
385 611 470 651 qua
490 596 655 638 ratione
679 597 920 639 animarum
944 597 1071 639 saluti
1096 597 1223 653 juxta
1254 604 1413 640 nostrae
1435 599 1601 654 profes-

224 670 356 712 sionis
378 671 668 712 humih'tatem
691 677 734 713 et
756 672 1089 713 submissionem
1112 671 1316 714 inservire
1348 672 1514 728 possit,
1558 683 1601 715 et

222 758 276 786 ne
299 744 491 787 Societas
511 745 579 787 his
601 745 864 796 hominibus,
887 747 961 801 qui
990 747 1044 787 ad
1069 746 1341 802 propositum
1364 747 1445 788 sibi
1466 747 1599 789 finem

222 829 326 863 sunt
346 822 385 863 ei
406 821 650 874 necessarii,
671 822 878 877 privetur.

224 895 453 937 Promittat
488 896 618 937 etiam
647 896 742 937 Deo
780 895 920 949 quivis
954 896 1192 947 Professus,
1225 896 1357 950 quod,
1389 897 1599 951 siquando

220 970 337 1011 dicto
358 971 488 1012 modo
509 971 762 1026 compulsus
783 970 1081 1026 praelationem
1104 971 1291 1025 aliquam
1314 979 1433 1012 extra
1456 972 1599 1013 Socie—

220 1052 354 1086 tatem
388 1045 602 1097 admittet,
640 1047 784 1086 audiet
809 1050 961 1098 postea
994 1047 1138 1098 quovis
1161 1050 1343 1099 tempore
1376 1048 1600 1100 Proeposz‘ti

224 1121 446 1162 Generalis·
482 1121 712 1172 consilium,
746 1122 811 1161 vel
845 1121 1038 1173 alicujus,
1076 1134 1195 1173 quem
1226 1122 1296 1162 ille
1326 1121 1407 1162 siba·
1438 1123 1495 1162 ad
1523 1124 1598 1163 hoc

219 1196 521 1243 substituerem
555 1195 772 1250 quodque,
796 1195 830 1235 si
854 1194 1035 1236 senserit
1056 1194 1210 1236 melius
1233 1209 1325 1236 esse
1348 1195 1465 1249 quod
1496 1210 1598 1237 con-

221 1269 390 1320 sulitur,
413 1270 468 1310 sit
489 1269 596 1311 illud
617 1275 902 1315 executurum
941 1284 1029 1310 non
1052 1269 1169 1323 quod
1201 1269 1355 1310 habeat
1388 1270 1462 1324 qui
1486 1270 1600 1311 Prae-

217 1344 330 1385 latus
372 1349 451 1395 est,
493 1344 678 1398 aliquem
721 1344 773 1384 dc
817 1343 1029 1384 Societate
1068 1343 1309 1398 Superioris
1343 1343 1467 1393 loeo;
1520 1344 1596 1385 sed

219 1420 337 1474 quod
358 1428 512 1475 sponte
534 1420 579 1461 in
602 1420 686 1461 Dei
709 1427 943 1474 conspectu
964 1420 1057 1460 vult
1080 1419 1133 1459 ad
1156 1419 1198 1459 id
1220 1419 1466 1460 faciendum
1490 1420 1597 1460 obli—

217 1495 323 1550 gari,
354 1496 471 1550 quod
502 1495 556 1536 ad
586 1494 780 1536 divinum
809 1494 1065 1549 obsequium
1096 1494 1249 1535 melius
1282 1509 1373 1535 esse
1400 1495 1596 1535 intellex-

218 1570 326 1622 erit,
358 1570 560 1625 quodque
573 1572 747 1623 placeat
769 1584 856 1610 esse
878 1571 1071 1623 aliquem,
1089 1571 1159 1622 qm·
1173 1570 1252 1610 sibi
1275 1583 1367 1610 cum
1384 1572 1596 1611 charitate

218 1658 267 1686 ac
295 1645 489 1686 libertate
519 1646 753 1686 christiana
779 1644 833 1684 ad
865 1643 1044 1697 gloriam
1067 1642 1151 1684 Dei
1183 1648 1225 1684 et
1248 1643 1427 1684 Domini
1459 1644 1595 1685 nostri

218 1722 263 1763 id
283 1729 514 1778 proponat.

217 1798 282 1840 Ut
300 1804 511 1854 perpetuo
532 1797 668 1839 totius
699 1797 829 1852 hujus
862 1797 1052 1852 corporis
1084 1796 1224 1837 bonus
1259 1804 1397 1838 status
1420 1811 1594 1839 conser-

215 1879 354 1924 vetur,
391 1871 558 1914 confert
588 1870 840 1927 plurimfim,
874 1871 991 1926 quod
1024 1871 1069 1911 in
1106 1871 1262 1922 Prima,
1302 1871 1516 1923 Secunda,
1549 1880 1591 1912 et

217 1947 384 1991 Quinta
413 1954 535 2002 parte
567 1945 732 1987 dictum
765 1950 830 1987 est
861 1945 912 1986 de
936 1945 1064 1986 turba
1086 1952 1127 1986 et
1150 1945 1399 1986 hominibus
1432 1946 1486 1986 ad
1518 1959 1593 1986 no-

215 2026 353 2062 strum
389 2020 640 2062 institutum
683 2018 841 2074 ineptis
883 2033 936 2058 ne
979 2019 1033 2058 ad
1074 2018 1374 2073 probationem
1417 2019 1590 2072 quidem

216 2095 510 2147 admittendis,
541 2100 597 2146 et,
629 2094 665 2135 si
696 2093 827 2148 aliqui
858 2092 1123 2148 probationis
1156 2100 1348 2149 tempore
1381 2108 1469 2135 non
1501 2108 1593 2135 esse

214 2171 358 2213 idonei
378 2170 688 2220 invenirentur,
711 2168 839 2210 etiam
862 2167 1146 2209 dimittendis.

215 2245 262 2288 Si
298 2245 372 2300 qui
404 2259 504 2285 vero
542 2242 782 2298 depravatis
825 2241 1016 2283 moribus
1054 2249 1212 2292 essent,
1245 2249 1287 2282 et
1317 2242 1368 2282 de
1407 2256 1590 2296 quorum

213 2320 514 2363 emendatione
536 2333 689 2374 parum
722 2322 978 2373 speraretur,
1011 2316 1149 2357 multo
1182 2316 1327 2358 minus
1360 2325 1504 2358 essent
1526 2331 1591 2358 re-

213 2394 395 2436 tinendi.
458 2393 610 2434 Minus
632 2391 760 2433 etiam
792 2398 989 2447 apertum
1022 2390 1183 2431 ostium
1216 2405 1307 2431 esse
1341 2390 1514 2431 debebit
1537 2392 1590 2431 ad

213 2467 503 2511 admittendos
535 2466 699 2521 aliquos
731 2466 775 2506 in
809 2464 1097 2507 Scholasticos
1131 2463 1407 2518 approbatos,
1436 2470 1479 2504 et
1502 2463 1587 2504 Co-

214 2544 431 2600 adjutores
458 2542 679 2593 formatos,
710 2541 887 2582 minime
919 2554 1017 2580 vero
1050 2538 1245 2580 omnium
1278 2538 1322 2578 in
1354 2538 1588 2580 Professos.

214 2620 317 2661 Non
339 2619 454 2660 enim
477 2616 560 2668 alii,
583 2630 712 2671 quam
736 2614 912 2670 spiritus
935 2622 977 2655 et
999 2614 1207 2655 doctrinae
1231 2613 1398 2654 selectae
1421 2613 1513 2665 viri,
1547 2623 1588 2654 et

212 2694 415 2744 multum,
453 2691 613 2746 diuque
656 2689 890 2740 exercitati,
933 2697 976 2730 et
1012 2689 1056 2729 in
1097 2688 1223 2728 variis
1260 2687 1589 2743 probationibus

210 2767 384 2809 virtutis
416 2775 458 2808 et
491 2764 788 2820 abnegationis
811 2763 1071 2819 suiipsorum
1096 2777 1195 2803 cum
1229 2762 1423 2803 omnium
1456 2761 1589 2803 aedifi-

839 2853 856 2878 J
