1987 3374
746 315 868 342 PARS
902 313 1111 342 DEcnlA.
1550 303 1628 339 123

249 430 589 471 instrumentum
625 424 914 480 conjungunt,
956 437 1004 464 ac
1048 422 1302 477 disponunt,
1344 429 1394 461 ut
1431 435 1455 461 a
1488 421 1634 463 divina

250 519 383 546 manu
404 508 519 545 recte
541 502 822 558 gubernetur,
845 499 1083 541 efficaciora
1104 505 1222 549 sunt,
1244 511 1375 552 quam
1409 511 1505 551 quae
1526 496 1634 538 illud

254 580 495 636 disponunt
537 592 638 633 erga
679 576 891 619 homines.
954 573 1223 630 Hujusmodi
1265 580 1330 614 est
1364 572 1558 629 probitas
1593 581 1636 613 et

252 655 405 707 virtus,
428 669 476 696 ac
497 653 716 710 praecipue
739 651 940 702 charitas,
962 658 1004 693 et
1035 664 1146 706 pura
1175 648 1360 690 intentio
1393 647 1527 689 divini
1549 662 1637 689 ser-

253 730 361 783 vitii,
383 738 426 772 et
447 729 715 771 familiaritas
747 742 848 769 cum
869 727 965 768 Deo
987 726 1032 767 in
1065 724 1363 781 spiritualibus
1395 723 1637 765 devotionis

253 805 482 859 exercitiis,
504 810 548 846 et
580 804 697 846 zelus
731 817 938 859 syncerus
970 801 1228 852 animarum,
1251 799 1306 840 ad
1326 799 1508 854 gloriam
1530 799 1637 855 ejus,

253 881 328 936 qui
349 895 420 921 eas
443 878 603 921 creavit
624 893 672 919 ac
693 877 891 928 redemit,
914 875 1066 931 quovis
1088 875 1171 916 alio
1202 874 1495 916 emolumento
1517 882 1639 930 post-

251 955 416 996 habito.
478 953 664 995 Videtur
694 954 839 1006 itaque
876 951 922 992 in
964 951 1217 992 universum
1249 950 1491 990 curandum
1529 964 1637 1001 esse,

253 1037 304 1071 ut
325 1043 492 1081 omnes,
514 1027 589 1083 qui
611 1042 655 1069 se
680 1026 886 1069 Societati
907 1025 1181 1077 addixerunt,
1202 1024 1249 1065 in
1275 1024 1488 1066 virtutum
1511 1023 1641 1064 solid-

256 1119 380 1146 arum
420 1118 470 1146 ac
510 1103 814 1159 perfectarum,
857 1108 900 1142 et
933 1100 1224 1156 spiritualium
1259 1114 1404 1141 rerum
1447 1099 1641 1140 studium

255 1179 515 1222 incumbant
530 1195 543 1230 ;
574 1179 655 1220 hac
676 1178 723 1219 in
748 1176 1001 1232 hujusmodi
1030 1176 1172 1232 majus
1202 1183 1490 1226 momentum,
1512 1175 1642 1229 quam

257 1254 304 1295 in
326 1253 538 1305 doctrina,
558 1253 628 1296 vel
649 1252 741 1294 aliis
774 1252 899 1294 donis
930 1251 1201 1293 naturalibus
1232 1256 1276 1292 et
1304 1249 1508 1291 humanis
1541 1264 1643 1291 con-

259 1329 463 1372 stitutum
505 1343 598 1371 esse
641 1329 816 1370 ducant.
882 1328 992 1369 Haec
1033 1326 1149 1369 enim
1191 1326 1395 1368 interiora
1437 1334 1556 1377 sunt,
1590 1340 1642 1366 ex

259 1405 418 1461 quibus
441 1404 675 1447 efficaciam
697 1404 752 1445 ad
773 1403 983 1445 exteriora
1009 1417 1262 1458 permanare
1285 1403 1340 1443 ad
1361 1403 1494 1443 finem
1516 1401 1642 1442 nobis

257 1480 533 1537 propositum
555 1487 739 1536 oportet.

263 1556 362 1598 Hoc
386 1556 506 1612 jacto
527 1555 828 1606 fundamento,
849 1553 991 1595 media
1017 1552 1089 1594 illa
1120 1551 1345 1603 naturalia,
1369 1566 1466 1606 quae
1489 1551 1573 1592 Dei
1596 1565 1644 1592 ac

261 1631 443 1673 Domini
463 1630 602 1672 nostri
622 1630 964 1671 instrumentum
987 1629 1040 1669 ab
1063 1643 1112 1669 ea
1132 1636 1253 1684 parte
1284 1628 1538 1683 disponunt,
1560 1641 1646 1682 qua

259 1705 481 1762 proximos
514 1704 706 1760 respicit,
742 1703 787 1745 in
824 1703 1076 1744 universum
1111 1703 1165 1743 ad
1201 1702 1572 1744 conservationem
1604 1709 1648 1742 et

261 1781 581 1823 incrementum
602 1779 737 1821 totius
764 1778 896 1834 hujus
928 1778 1120 1834 corporis
1153 1778 1400 1818 conferent:
1445 1777 1480 1818 si
1501 1784 1647 1817 tamen

262 1864 306 1899 et
339 1857 635 1908 addiscantur,
677 1863 720 1897 et
757 1863 1037 1896 exerceantur
1074 1868 1252 1909 syncere
1290 1853 1344 1894 ad
1381 1852 1521 1894 solum
1563 1852 1649 1893 Dei

263 1931 553 1987 obsequium3
596 1945 685 1972 non
718 1938 769 1971 ut
796 1929 880 1970 illis
917 1928 1076 1970 fiducia
1109 1936 1258 1969 nostra
1292 1928 1534 1979 innitatur,
1572 1927 1648 1968 sed

263 2007 410 2063 potius
432 2013 484 2047 ut
505 2005 662 2046 divinae
691 2004 840 2060 gratiae
865 2003 993 2058 juxta
1025 2017 1207 2044 summae
1238 2001 1523 2058 providentiae
1557 2016 1646 2042 suae

265 2081 462 2123 ordinem
502 2094 581 2135 per
620 2080 714 2121 haec
757 2092 1052 2134 cooperemur,
1095 2077 1170 2133 qui
1213 2077 1268 2118 ad
1308 2077 1488 2133 gloriam
1525 2091 1648 2118 suam

266 2164 357 2197 tam
389 2155 503 2197 dona
535 2154 761 2206 naturalia,
795 2168 892 2209 quae
925 2153 1018 2209 ipse
1050 2160 1100 2194 ut
1133 2152 1325 2203 Creator,
1357 2167 1488 2206 quam
1521 2166 1651 2207 super

266 2231 494 2283 naturalia,
516 2245 612 2286 quae
634 2238 684 2271 ut
705 2229 854 2286 gratiae
886 2229 1043 2271 author
1074 2229 1222 2280 donat,
1243 2228 1337 2269 vult
1368 2228 1529 2269 referri.
1591 2228 1651 2268 Et

266 2309 364 2350 ideo
396 2307 540 2350 media
580 2307 785 2358 humana,
826 2305 894 2347 vel
933 2320 1012 2361 per
1044 2304 1303 2346 industriam
1339 2303 1564 2359 acquisita,
1602 2318 1650 2344 ac

267 2382 486 2439 praecipue
515 2380 711 2423 doctrina
738 2389 888 2422 exacta
918 2388 961 2421 et
993 2380 1144 2431 solida,
1165 2387 1209 2421 et
1239 2379 1396 2420 modus
1427 2393 1522 2421 eam
1551 2393 1651 2433 pro-

266 2456 462 2513 ponendi
490 2455 654 2512 populo
673 2455 720 2496 in
743 2454 1039 2506 concionibus,
1061 2462 1104 2495 et
1134 2453 1409 2504 lectionibus,
1441 2461 1483 2493 et
1513 2453 1652 2493 forma

269 2531 428 2588 agendi
459 2545 559 2572 cum
589 2530 856 2583 hominibus,
886 2529 1147 2583 eosdemque
1179 2527 1395 2569 tractandi
1423 2526 1653 2582 diligenter

269 2605 463 2648 curanda
483 2609 600 2646 sunt.

269 2680 441 2724 Juverit
462 2679 592 2721 etiam
613 2693 875 2735 magnopere
896 2678 942 2720 in
965 2693 1043 2721 suo
1067 2678 1183 2720 bono
1211 2683 1330 2718 statu
1351 2690 1399 2717 ac
1422 2675 1651 2731 disciplina

273 2754 468 2811 Collegia
489 2768 756 2806 conservare,
786 2762 830 2795 et
860 2753 915 2795 ad
944 2753 991 2795 id
1021 2767 1170 2794 eorum
1203 2750 1651 2807 superintendentiam

271 2846 349 2887 per
378 2830 475 2873 illos
512 2844 721 2881 exercere,
750 2829 908 2885 quibus
946 2828 1145 2870 utilitatis
1182 2827 1431 2883 temporalis
1464 2825 1572 2867 nihil
1603 2839 1654 2866 ex
