2004 3294
391 278 445 313 36

894 288 1321 316 CONSTITUTvaM

479 397 643 437 solent:
679 397 1056 439 Quemadmodum
1079 413 1216 452 neque
1249 399 1293 438 in
1325 398 1524 439 domibus
1557 398 1662 449 aliis,
1685 399 1750 440 vel
1772 412 1840 439 ec-

477 471 615 512 clesiis
639 471 862 512 Societatis
884 472 1114 527 profcssae3
1147 487 1241 526 quae
1274 473 1415 527 quoad
1443 473 1534 527 ejus
1563 473 1652 514 fieri
1683 481 1840 528 potest,

478 545 676 599 expedita
697 545 750 586 ad
773 545 885 586 sedis
902 546 1164 600 Apostolicae
1185 546 1409 586 missiones
1423 546 1656 598 obeundas,
1674 547 1837 601 aliaque

477 618 648 673 pietatis
670 633 798 673 opera
828 619 882 659 ad
904 619 986 659 Dei
1014 618 1268 672 obsequium
1300 626 1342 658 et
1368 619 1606 659 animarum
1634 620 1838 660 auxilium

477 707 568 733 esse
591 691 731 734 debet.

478 764 799 806 Possessionem
817 764 1108 820 Collegiorum
1130 779 1228 805 cum
1249 764 1378 805 rebus
1399 764 1721 819 temporalibus,
1743 779 1838 819 quae

477 840 531 880 ad
557 839 652 894 ipsa
682 844 894 894 spectant,
925 839 1064 894 capiet
1094 839 1284 880 Societas
1301 855 1312 889 3
1356 846 1398 879 et
1430 839 1649 890 Rectores,
1679 837 1753 892 qui
1785 839 1839 879 ad

474 914 519 954 id
539 928 698 954 munus
720 914 978 954 conveniens
1000 913 1186 954 habeant
1217 913 1442 963 talentum,
1473 912 1735 963 constituet3
1765 912 1839 967 qui

474 1003 620 1029 curam
658 988 893 1043 suscipiant
927 987 1206 1029 conservandi
1240 992 1368 1042 atque
1410 986 1738 1028 administrandi
1770 1001 1837 1028 res

474 1063 665 1118 ipsorum
701 1061 971 1117 temporales,
1007 1076 1055 1103 ac
1096 1061 1349 1117 provideant
1386 1061 1713 1103 necessitatibus
1749 1069 1837 1102 tam

472 1137 702 1178 materialis
733 1136 917 1188 aedificii,
939 1136 1067 1191 quam
1097 1136 1366 1178 Scholarium
1402 1135 1491 1190 (qui
1527 1135 1572 1176 in
1602 1135 1706 1191 ipsis
1737 1135 1838 1177 Col-

472 1212 594 1268 legiis
624 1212 803 1267 degunt)
839 1226 1085 1265 eorumque,
1117 1211 1190 1265 qui
1217 1210 1469 1266 probantur,
1497 1216 1546 1251 ut
1577 1210 1631 1251 ad
1661 1209 1733 1250 illa
1763 1209 1838 1251 ad-

473 1286 714 1336 mittantur,
736 1293 863 1339 atque
885 1299 1032 1326 eorum
1055 1285 1196 1335 etiam,
1219 1284 1292 1338 qui
1318 1289 1436 1325 extra
1459 1283 1650 1339 Collegia
1680 1292 1837 1339 gerunt

472 1359 641 1400 illorum
663 1358 847 1413 negotia.
906 1358 1057 1399 Totius
1078 1358 1178 1399 vero
1201 1356 1582 1399 administrationis
1603 1356 1711 1398 ratio
1729 1357 1838 1398 Rec-

473 1433 637 1474 toribus
672 1439 872 1473 constet:
921 1437 970 1472 ut
1005 1446 1098 1473 eam
1139 1431 1330 1482 reddere,
1372 1430 1544 1485 quando
1581 1438 1623 1471 et
1660 1429 1730 1471 cui
1762 1444 1839 1486 per

474 1506 759 1562 Praepositum
784 1505 1040 1548 Generalem
1061 1505 1361 1556 constituetur,
1377 1504 1560 1560 possint.
1620 1505 1680 1545 At
1695 1503 1838 1546 Gene-

470 1581 570 1622 ralis
593 1581 691 1622 cum
713 1596 791 1622 nec
812 1581 857 1622 in
880 1596 1007 1622 suum
1030 1595 1107 1622 nec
1129 1580 1173 1621 in
1205 1580 1390 1621 ullorum
1417 1579 1837 1634 consanguineorum

473 1671 663 1707 suorum,
695 1671 773 1697 nec
801 1657 845 1696 in
878 1656 1081 1711 professae
1109 1655 1333 1696 Societatis
1362 1669 1489 1695 usum
1523 1654 1637 1695 bona
1667 1662 1835 1709 tempo-

471 1730 574 1771 ralia
600 1729 889 1785 Collegiorum
923 1729 1060 1784 possit
1096 1736 1369 1778 convertere3
1411 1728 1461 1768 eo
1489 1727 1639 1782 purius
1672 1742 1763 1768 sese
1790 1727 1835 1768 in

471 1820 618 1846 eorum
640 1803 1038 1860 superintendentia
1054 1804 1108 1844 ad
1129 1803 1332 1858 majorem
1355 1802 1532 1857 gloriam
1555 1809 1596 1843 et
1614 1801 1834 1843 servitium

471 1879 555 1920 Dei
576 1893 719 1933 gerere
741 1877 912 1933 poterit.

472 1954 525 1995 In
567 1954 618 1994 iis
661 1953 877 2008 Collegiis,
919 1966 1014 2006 quae
1063 1951 1290 1992 duodecim
1336 1951 1622 1992 Scholasticos
1667 1953 1837 2006 (praeter

474 2028 777 2082 Praeceptores)
815 2041 866 2067 ex
901 2025 1084 2081 propriis
1125 2023 1363 2065 redditibus
1405 2023 1514 2065 alere
1547 2029 1747 2079 possunt,
1781 2024 1836 2066 ob

472 2102 675 2156 majorem
697 2100 848 2156 populi
869 2099 1197 2141 aedificationem
1219 2114 1297 2140 nec
1319 2104 1524 2154 petantur
1539 2098 1835 2154 eleemosynae,

474 2189 552 2216 nec
572 2175 671 2226 illae,
693 2180 767 2215 aut
789 2174 902 2215 dona
921 2173 1009 2213 ulla
1039 2173 1182 2214 oblata
1212 2173 1524 2214 admittantur.·
1571 2173 1616 2214 Si
1642 2173 1835 2214 redditus

473 2249 659 2290 minores
693 2248 867 2299 fuerint,
903 2246 1032 2301 quam
1064 2245 1165 2287 huic
1202 2260 1381 2287 numero
1415 2247 1567 2288 alendo
1596 2247 1834 2298 sufficiant3

474 2322 643 2364 admitti
675 2321 863 2376 quidem,
899 2334 987 2361 non
1020 2326 1164 2361 autem
1191 2319 1281 2375 peti
1314 2319 1596 2376 eleemosynae
1628 2326 1834 2376 possent3

474 2399 555 2438 nisi
591 2404 711 2438 tanta
742 2402 994 2451 paupertate
1037 2393 1277 2450 Collegium
1310 2402 1590 2449 premeretur,
1626 2399 1675 2436 ut
1707 2394 1834 2436 etiam

473 2477 632 2527 petere,
664 2469 814 2511 saltem
848 2484 873 2510 a
908 2468 1181 2523 quibusdam,
1205 2476 1317 2509 esset
1350 2468 1652 2510 necessarium.
1711 2468 1835 2509 Tunc

474 2546 588 2586 enim
633 2544 842 2599 (divinum
884 2542 1137 2597 obsequium
1178 2550 1221 2583 et
1265 2543 1502 2584 universale
1543 2542 1706 2585 bonum
1746 2556 1834 2597 prae

475 2619 609 2661 oculis
631 2633 799 2675 semper
818 2617 1032 2670 habendo)
1049 2617 1138 2672 peti
1159 2617 1454 2673 eleemosynae,
1476 2617 1562 2658 imo
1583 2624 1627 2658 et
1647 2615 1834 2658 ostiatim

475 2693 529 2734 ad
550 2700 736 2748 tempus,
767 2693 1110 2748 quandocunque
1142 2694 1364 2734 necessitas
1388 2691 1432 2733 id
1463 2691 1663 2747 exigeret,
1690 2703 1835 2731 emen-

475 2767 605 2810 dicari
625 2776 842 2823 poterunt.
