1987 3374
769 311 889 337 PARS
925 310 1074 336 NONA.
1539 301 1616 336 115

245 421 318 476 qui
339 419 610 469 discretione,
632 433 680 459 ac
708 419 798 459 zelo
831 419 1073 459 communis
1104 418 1207 458 boni
1231 418 1456 459 Societatis
1486 419 1620 473 polle-

243 501 332 545 ant,
372 492 635 534 constituat:
684 492 773 535 Qui
814 492 988 546 quidem
1033 492 1151 547 apud
1200 491 1487 546 Praepositum
1529 507 1618 533 ma-

244 575 411 618 nentes,
436 567 482 607 in
515 574 753 622 conspectu
776 566 991 607 Creatoris
1021 581 1069 607 ac
1102 565 1282 607 Domini
1313 565 1380 606 sui
1407 565 1545 606 dicere
1572 581 1620 607 ac

243 642 423 693 efficere,
455 641 664 696 quicquid
691 641 803 682 circa
833 641 915 682 tria
942 641 1081 696 prima
1113 641 1158 681 in
1190 640 1452 696 praecedenti
1481 640 1621 696 capite

243 715 359 757 dicta
379 716 435 757 ad
455 716 661 771 majorem
682 716 767 757 Dei
788 716 969 771 gloriam
990 716 1079 757 fore
1103 715 1315 757 senserint
1336 722 1579 757 teneantur.

244 790 413 831 Electio
454 805 554 831 vero
597 798 782 844 quatuor
832 789 1084 845 hujusmodi
1136 789 1430 831 assistentium
1472 804 1621 830 eorum

243 865 337 916 erit,
365 865 439 919 qui
469 865 756 920 Praepositum
789 865 963 920 eligent,
989 865 1162 920 quando
1195 865 1249 906 ad
1279 865 1324 905 id
1356 879 1622 920 congregan-

242 947 326 980 tur.
405 939 536 982 Quod
578 939 614 980 si
663 940 731 980 vel
781 947 964 980 mortem
1007 940 1158 990 obiret,
1209 940 1276 981 vel
1317 954 1341 980 a
1384 940 1621 994 Praeposito

245 1014 447 1055 Generali
478 1013 641 1055 diutius
675 1014 823 1055 abesse
859 1022 1037 1069 propter
1073 1028 1223 1055 causas
1258 1029 1408 1069 graves
1435 1014 1622 1068 aliquem

241 1087 436 1143 ipsorum
469 1096 715 1143 oporteret3
762 1103 851 1129 non
892 1087 1238 1144 repugnantibus
1283 1087 1621 1129 provincialibus

243 1162 486 1214 Societatis,
522 1162 786 1218 Praepositus
823 1162 1048 1204 Generalis
1091 1162 1222 1203 alium
1265 1162 1514 1212 substituet,
1549 1162 1623 1216 qui

243 1253 343 1279 cum
377 1238 687 1294 approbatione
722 1238 932 1289 omnium,
974 1238 1041 1280 vel
1081 1238 1255 1294 majoris
1296 1239 1432 1294 partis
1474 1253 1621 1280 eorum

242 1311 435 1353 manebit
455 1312 501 1353 in
523 1312 736 1353 demortui
757 1312 824 1353 vel
846 1312 1036 1353 absentis
1057 1312 1166 1354 loco.

244 1385 389 1428 Tertio
413 1386 448 1427 si
471 1386 680 1428 accideret
703 1386 877 1441 aliquod
906 1401 957 1427 ex
987 1386 1176 1442 peccatis
1203 1387 1382 1439 (avertat
1413 1386 1458 1427 id
1479 1386 1618 1439 Deus)

245 1475 341 1516 quae
380 1461 601 1502 sufficiunt
635 1461 689 1502 ad
726 1460 1014 1516 Praepositum
1051 1461 1190 1502 officio
1223 1475 1301 1501 suo
1335 1460 1621 1516 privandum:

245 1535 374 1576 simul
407 1540 536 1590 atque
577 1550 644 1577 res
686 1550 762 1590 per
795 1535 1044 1576 testimonia
1077 1535 1349 1586 sufficientia,
1383 1535 1450 1576 vel
1484 1535 1620 1591 ipsius

243 1609 571 1651 affirmationem
599 1618 841 1660 constaret3
881 1609 1130 1664 juramento
1162 1610 1490 1665 obstringantur
1518 1625 1623 1665 qua-

244 1690 344 1724 tuor
369 1683 619 1724 assistentes
654 1683 709 1724 ad
741 1683 786 1724 id
819 1683 1023 1724 Societati
1056 1683 1421 1735 denunciandum,
1452 1692 1494 1725 et
1523 1699 1621 1725 cum

245 1757 457 1809 omnium,
488 1757 555 1799 vel
593 1762 705 1799 certe
737 1757 869 1798 trium
902 1757 1294 1813 subscriptionibus
1326 1759 1623 1814 congregatio-

243 1847 358 1884 nem,
386 1832 432 1873 id
459 1840 525 1873 est
561 1832 821 1888 Praepositos
851 1832 1138 1873 Provinciales
1176 1848 1274 1874 cum
1313 1833 1483 1874 duobus
1515 1834 1622 1885 aliis,

245 1921 353 1961 quos
376 1906 536 1962 singuli
558 1921 609 1947 ex
632 1921 710 1947 sua
732 1906 957 1947 Provincia
988 1921 1134 1947 secum
1167 1907 1383 1948 adducent
1409 1907 1498 1962 (qui
1520 1923 1623 1949 con-

245 1980 413 2036 gregari
434 1980 714 2033 tenebuntur)
741 1981 1077 2021 convocandam.
1140 1981 1200 2021 Et
1231 1981 1266 2021 si
1297 1996 1365 2022 res
1387 1982 1622 2037 divulgata,

245 2061 288 2095 et
309 2054 598 2095 communiter
617 2053 847 2094 manifesta
877 2061 1018 2104 esset3
1060 2069 1148 2095 non
1181 2060 1406 2109 expectata
1437 2064 1623 2110 quatuor

245 2127 541 2169 assistentium
563 2127 884 2179 convocatione,
905 2127 1191 2169 Provinciales
1209 2128 1279 2169 alii
1301 2128 1405 2170 alios
1427 2130 1621 2171 vocando

245 2202 472 2244 convenire
507 2201 736 2243 deberent:
781 2202 841 2242 Et
865 2202 960 2258 ipso
993 2203 1132 2257 primo
1169 2202 1252 2254 die,
1287 2218 1372 2258 quo
1398 2203 1443 2244 in
1476 2204 1620 2245 locum

245 2276 496 2333 hujusmodi
517 2276 861 2332 congregationis
882 2276 1194 2333 ingredientur,
1215 2277 1291 2319 ubi
1312 2279 1496 2319 aderunt
1517 2294 1621 2334 qua-

246 2359 345 2393 tuor
374 2351 449 2403 ifli,
478 2351 553 2406 qui
580 2359 887 2403 convocarunt,
916 2367 1015 2393 cum
1044 2352 1136 2394 aliis
1165 2354 1452 2409 congregatis,
1473 2369 1563 2395 rem
1587 2355 1620 2395 is

247 2427 536 2483 aggrediatur,
553 2428 623 2469 cui
644 2428 790 2469 omnia
810 2428 978 2470 notiora
1001 2436 1117 2480 sunt,
1131 2437 1174 2470 et
1195 2430 1411 2471 accusatio
1434 2430 1621 2471 dilucide

246 2501 511 2557 explicetur3
543 2516 629 2557 qua
650 2503 810 2554 audita,
834 2502 1097 2558 Praepositus
1129 2502 1241 2544 foras
1274 2503 1541 2559 egredietur3
1580 2512 1622 2545 et

245 2575 572 2630 antiquissimus
595 2591 647 2617 ex
670 2577 1008 2618 Provincialibus
1032 2577 1160 2618 simul
1182 2592 1282 2618 cum
1306 2577 1557 2630 SecretariO,
1579 2586 1621 2620 et

244 2649 327 2691 alio
349 2649 576 2691 assistente
599 2651 651 2692 de
673 2656 765 2692 tota
785 2666 828 2692 re
853 2651 1109 2693 scrutinium
1130 2651 1273 2704 faciat,
1295 2659 1338 2693 et
1360 2652 1501 2708 primo
1526 2652 1621 2707 qui-

246 2724 360 2775 dem,
392 2738 447 2765 an
476 2730 645 2766 constet
680 2726 732 2766 cle
768 2734 961 2781 peccato,
990 2727 1106 2781 quod
1136 2726 1350 2781 objicitur,
1380 2727 1536 2768 deinde
1566 2742 1620 2768 an

245 2797 494 2853 hujusmodi
529 2799 598 2852 sit,
627 2808 674 2840 ut
711 2808 887 2856 propter
918 2801 962 2842 id
996 2801 1152 2856 privari
1181 2801 1319 2843 officio
1356 2802 1537 2853 debeat3
1580 2810 1622 2842 et
