1987 3374
736 353 858 380 PARS
893 353 1112 383 QUARTA.
1576 350 1628 387 53

246 543 308 570 DE
333 543 788 572 UNIVERSITATIBUS
815 545 866 571 IN
893 545 1163 574 SOClETA'rE
1189 547 1548 578 ADMITTENDIS.

188 738 201 773 l
243 734 426 774 EADEM
465 734 686 775 charitatis
723 734 846 785 ratio,
884 749 970 789 qua
1008 734 1202 790 Collegia
1238 735 1546 786 admittuntur,
1584 744 1625 776 ct

242 809 428 864 publicae
458 809 628 851 Scholae
661 809 704 850 in
743 809 804 850 eis
838 824 927 850 non
958 809 1131 850 tantum
1163 810 1218 850 ad
1251 816 1514 862 nostrorum,
1549 811 1625 851 sed

240 884 379 939 magis
401 884 530 925 etiam
552 884 608 924 ad
628 891 906 925 externorum
928 883 1262 925 aedificationem
1294 884 1339 925 in
1363 885 1559 926 doctrina
1581 893 1623 926 et

240 957 434 999 moribus
475 965 694 1007 tenentur,
743 957 917 999 extendi
968 957 1128 1012 poterit
1181 958 1235 998 ad
1277 958 1623 999 Universitatum

238 1046 388 1073 curam
419 1031 770 1087 suscipiendam3
802 1039 852 1072 ut
877 1031 923 1072 in
957 1031 1018 1073 eis
1050 1030 1120 1072 hic
1151 1031 1320 1072 fructus
1350 1032 1623 1083 extendatur,

238 1106 454 1162 latiusque
475 1114 622 1162 pateat
644 1114 733 1148 tam
765 1106 809 1147 in
843 1105 1060 1157 Scientiis,
1092 1120 1190 1161 quae
1221 1106 1470 1158 traduntur,
1493 1107 1622 1161 quam

238 1182 284 1223 in
319 1181 586 1233 hominibus,
621 1181 695 1236 qui
735 1181 791 1222 ad
827 1195 898 1222 eas
924 1180 1205 1232 conveniunt,
1238 1188 1281 1222 et
1311 1180 1533 1236 gradibus,
1569 1181 1622 1221 ad

237 1271 347 1312 quos
388 1263 713 1312 promoventur,
754 1263 804 1297 ut
847 1254 940 1296 aliis
982 1255 1028 1296 in
1069 1255 1175 1296 locis
1217 1269 1318 1296 cum
1361 1254 1621 1296 authoritate

236 1331 389 1372 docere
420 1330 605 1387 possint,
636 1330 755 1386 quod
787 1330 831 1371 in
863 1329 931 1371 his
962 1329 1072 1371 benc
1105 1330 1160 1370 ad
1181 1329 1266 1371 Dei
1297 1329 1478 1385 gloriam
1511 1329 1620 1370 didi-

237 1406 388 1448 cerint.

179 1485 203 1521 2
237 1480 411 1524 Quibus
442 1488 588 1522 tamen
620 1479 958 1531 conditionibus,
991 1486 1033 1520 et
1064 1479 1418 1535 obligationibus,
1441 1479 1618 1533 quibus-

235 1570 319 1611 que
340 1555 384 1596 in
406 1555 512 1597 locis
534 1554 785 1611 hujusmodi
809 1554 1126 1596 Universitates
1150 1553 1321 1595 admitti
1343 1553 1543 1605 debcant,
1566 1554 1618 1605 ci,

235 1631 310 1687 qui
335 1646 584 1687 supremam
619 1646 767 1672 curam
801 1630 1028 1672 societatis
1060 1630 1206 1682 habet,
1231 1630 1519 1686 judicandum
1552 1645 1617 1670 re-

231 1707 457 1762 linquitur.
521 1706 610 1750 Qui
646 1706 943 1747 assistentium
982 1705 1064 1747 sibi
1101 1705 1260 1746 auditis
1299 1704 1540 1755 sententiis,
1575 1714 1617 1745 ct

232 1783 429 1834 aliorum,
451 1796 560 1838 quos
582 1782 627 1823 in
659 1781 889 1823 consilium
922 1781 1117 1822 adhiberi
1149 1781 1278 1832 volet,
1301 1796 1378 1837 per
1404 1795 1448 1822 se
1471 1780 1614 1836 ipsum

232 1857 465 1899 deliberare
499 1856 687 1913 poterit3
734 1871 789 1898 an
832 1855 920 1898 sint
953 1856 1250 1897 adniittcndae.
1312 1855 1416 1896 Non
1454 1865 1613 1905 tamen,

230 1941 465 1990 postquam
495 1933 695 1974 admissae
728 1932 890 1973 fuerint
924 1934 1015 1974 sine
1045 1931 1394 1986 Congregatione
1426 1930 1613 1986 generali

230 2025 308 2066 per
328 2025 428 2051 eum
451 2008 628 2050 dissolvi
648 2016 869 2063 poterunt.

171 2091 197 2127 3
233 2084 349 2128 Quia
376 2092 521 2126 tamen
552 2082 752 2138 religiosa
785 2081 922 2136 quies,
954 2089 996 2122 et
1029 2079 1273 2136 spirituales
1303 2079 1610 2134 occupationes

230 2175 310 2203 nec
332 2160 465 2202 animi
487 2158 827 2209 distractionem,
850 2171 929 2198 nec
951 2156 1032 2197 alia
1053 2155 1342 2207 incommoda,
1365 2170 1462 2210 quae
1492 2154 1610 2210 judi-

230 2235 358 2277 candi
381 2235 426 2276 in
459 2234 590 2275 rebus
621 2232 819 2274 civilibus
847 2232 915 2273 vel
946 2230 1241 2272 criminalibus
1269 2229 1459 2271 officium
1488 2230 1610 2285 sequi

229 2310 384 2362 solent,
401 2307 606 2351 Societati
626 2306 907 2363 permittunt3
932 2304 1178 2361 jurisdictio
1194 2303 1460 2360 hujusmodi,
1478 2320 1607 2359 quam

228 2399 307 2442 per
335 2399 395 2436 se,
429 2383 498 2426 vel
532 2398 610 2439 per
634 2382 739 2424 alios
771 2396 795 2423 a
826 2396 870 2423 sc
903 2380 1199 2436 dependentes
1231 2394 1426 2421 exercere
1455 2379 1606 2420 debeat

230 2459 437 2511 Societas,
457 2473 546 2500 non
569 2457 848 2499 admittatur:
881 2455 1064 2511 quanvis
1085 2455 1141 2496 ad
1162 2469 1225 2506 ea,
1247 2469 1344 2509 quae
1367 2454 1420 2495 ad
1442 2453 1607 2495 bonum

229 2542 392 2578 statum
428 2532 734 2575 Universitatis
766 2531 940 2588 proprie
968 2529 1202 2587 pertinent,
1239 2529 1467 2571 conveniat
1503 2528 1607 2570 Jus-

228 2610 335 2652 titiae
357 2609 584 2651 ordinariae
606 2608 694 2650 sive
717 2607 920 2650 secularis
943 2606 1030 2648 sive
1053 2605 1354 2647 ecclesiastica>
1386 2604 1606 2645 ministros

227 2687 341 2728 circa
377 2684 651 2741 punitionem
694 2682 1060 2725 scholasticorum
1112 2683 1367 2723 volantatem
1415 2681 1608 2721 Rectoris

229 2760 536 2803 Universitatis
563 2759 644 2801 sibi
673 2758 960 2814 significatam
997 2755 1166 2811 exequi,
1195 2763 1238 2797 ct
1269 2755 1507 2811 generatim
1540 2769 1605 2795 res

844 2851 871 2878 E
