2004 3294
376 294 425 328 14

401 861 423 894 ὐἿ

877 302 1307 329 CONSTITUTIONUM

467 413 685 468 Superiori
707 413 849 467 aliqua
870 414 921 454 de
945 428 1072 454 causa
1094 429 1180 454 non
1202 414 1306 454 levis
1329 413 1536 453 momenti
1566 413 1682 454 aliud
1712 412 1829 454 vide-

461 488 545 540 tur)
572 502 670 528 cum
692 487 893 538 externis,
916 488 981 527 vel
1003 487 1248 528 domesticis
1271 495 1383 542 agat,
1410 495 1697 542 praeterquam
1728 501 1826 528 cum

460 561 525 612 iis,
548 562 621 616 qui
643 562 697 601 ad
719 562 762 601 id
784 561 995 615 designati
1018 576 1041 600 a
1064 561 1290 615 Superiore
1312 561 1485 602 fuerint.
1548 561 1678 603 Quod
1698 561 1762 612 fit,
1778 569 1828 601 ut

458 635 633 675 liberius
656 649 801 675 secum
824 642 866 674 et
888 649 985 673 cum
1009 634 1103 674 Deo
1132 634 1371 688 perpendat
1402 634 1669 675 vocationem
1691 648 1827 684 suam,

460 723 507 749 ac
530 708 798 763 propositum
821 707 976 747 divinae
999 721 1046 747 ac
1076 721 1255 747 summae
1279 707 1501 761 Majestati
1520 707 1564 747 in
1586 708 1667 748 hac
1685 707 1829 748 Socie-

459 790 545 821 tate
569 781 796 821 serviendi.

459 855 630 909 Elapsis
667 855 836 896 duobus
878 863 952 895 aut
994 855 1131 895 tribus
1174 854 1324 895 diebus
1365 862 1464 909 post
1504 854 1746 909 ingressum
1782 854 1826 895 in

458 930 635 970 domum
660 929 944 980 probationis,
967 929 1198 969 examinari
1221 928 1460 969 accuratius
1486 928 1677 983 incipiat,
1698 937 1827 983 prout

458 1004 502 1043 in
544 1004 681 1044 officio
724 1003 1041 1044 Examinatoris
1083 1003 1352 1043 declaratur:
1401 1010 1442 1043 et
1483 1002 1750 1056 relinquatur
1789 1002 1827 1043 ei

458 1078 667 1132 scriptum
710 1078 920 1128 Examen,
961 1085 1009 1117 ut
1052 1077 1167 1118 solus
1216 1077 1259 1117 id
1301 1077 1510 1117 maturius
1553 1076 1826 1128 consideret3

458 1160 607 1207 postea
649 1153 787 1193 eidem
829 1152 1112 1192 ostendantur
1154 1152 1404 1206 Diplomata
1444 1151 1727 1206 Apostolica3
1778 1165 1827 1192 ac

460 1225 819 1277 ConstitutioneS,
852 1234 894 1266 et
918 1226 1094 1280 Regula:
1126 1225 1169 1265 in
1201 1225 1411 1266 Societate
1441 1240 1488 1265 ac
1523 1225 1665 1276 domo,
1697 1239 1826 1279 quam

458 1299 711 1353 ingreditur,
733 1300 1035 1349 observandae3
1068 1307 1109 1339 et
1131 1299 1204 1353 qui
1225 1299 1379 1339 litteris
1409 1312 1581 1352 operam
1603 1297 1828 1348 dederunt,

459 1373 510 1413 de
534 1373 714 1427 singulis
734 1373 1026 1423 facultatibus,
1048 1372 1092 1412 in
1124 1372 1281 1426 quibus
1312 1371 1467 1412 versati
1499 1378 1615 1422 sunt,
1637 1370 1828 1425 singulas

457 1448 693 1502 praelegant
722 1447 942 1497 lectiones,
973 1454 1015 1487 et
1046 1446 1091 1487 id
1112 1461 1254 1487 coram
1276 1446 1351 1497 eis,
1373 1445 1448 1500 qui
1479 1459 1503 1486 a
1525 1445 1752 1500 Superiore
1774 1446 1828 1486 ad

459 1521 550 1575 ejus
573 1521 784 1561 talentum
806 1521 851 1560 in
884 1520 1092 1571 doctrina,
1114 1528 1157 1561 et
1186 1519 1456 1575 proponendi
1486 1519 1615 1560 modo
1646 1533 1828 1574 cognos-

459 1595 643 1636 cendum
667 1602 768 1635 sunt
789 1594 1028 1635 constituti.

460 1669 626 1710 Eodem
659 1670 741 1709 hoc
783 1676 974 1723 tempore
1015 1668 1165 1723 primae
1209 1667 1478 1709 Probationis
1520 1666 1825 1708 conscientiam

460 1757 581 1783 suam
611 1742 842 1797 Superiori,
875 1743 941 1783 vel
977 1742 1029 1793 ei,
1065 1757 1193 1796 quem
1228 1741 1319 1796 ipse
1362 1740 1632 1796 delegaverit,
1668 1740 1827 1795 aperiet

464 1819 559 1870 (nisi
580 1817 623 1857 id
646 1817 807 1871 negotii
829 1832 927 1857 cum
952 1817 1192 1871 Superioris
1215 1831 1429 1857 consensu
1449 1815 1494 1856 in
1517 1815 1633 1856 aliud
1654 1823 1826 1870 tempus

460 1891 713 1943 differretur)
759 1899 800 1930 et
841 1890 1094 1945 generaliter
1135 1890 1410 1931 confitebitur
1455 1889 1505 1942 (si
1552 1889 1746 1930 nondum
1781 1889 1826 1929 id

460 1964 643 2016 fecisset)
689 1973 730 2004 et
771 1963 831 2003 illi
882 1964 1055 2018 quidem
1099 1963 1384 2014 Confessario,
1426 1965 1496 2015 qui
1537 1977 1562 2003 a
1604 1963 1826 2016 Superiore

447 2040 591 2091 fuerit
612 2040 670 2079 ad
690 2040 738 2079 id
761 2040 1003 2080 destinatus.
1065 2039 1123 2079 Et
1146 2038 1243 2079 cum
1265 2038 1310 2079 in
1330 2038 1439 2079 libro
1462 2038 1516 2079 ad
1536 2038 1581 2079 id
1602 2038 1825 2093 designato

460 2112 669 2166 scriptum
709 2112 851 2162 fuerit,
892 2120 934 2152 et
974 2126 1106 2152 manu
1147 2111 1237 2166 ejus
1279 2111 1586 2166 subscriptum,
1621 2111 1827 2167 quicquid

460 2186 637 2225 domum
659 2185 773 2235 tulit,
795 2193 836 2225 et
859 2184 950 2239 ejus
982 2199 1217 2225 consensus
1249 2185 1303 2225 ad
1334 2185 1599 2226 observanda
1623 2186 1767 2227 omnia
1787 2186 1826 2227 ei

461 2258 704 2313 proposita3
736 2259 952 2312 postremo
975 2266 1074 2312 post
1095 2258 1483 2299 reconciliationem
1506 2266 1681 2314 accepto
1703 2273 1825 2301 sanc-

462 2333 625 2373 tissimo
648 2332 932 2373 Eucharistiae
957 2332 1247 2384 Sacramento,
1279 2332 1542 2387 ingredietur
1570 2333 1615 2374 in
1647 2334 1823 2375 domum

461 2406 701 2447 communis
743 2406 1018 2447 habitationis
1041 2423 1052 2457 3
1103 2406 1177 2447 ubi
1219 2422 1316 2447 cum
1359 2406 1450 2447 aliis
1490 2408 1662 2459 versari,
1702 2416 1745 2449 et
1779 2409 1823 2449 in

461 2480 648 2521 secunda
671 2480 926 2521 Probatione
949 2480 1111 2521 diutius
1133 2481 1316 2522 exerceri
1339 2481 1476 2522 solent
1498 2481 1660 2523 novitii.

462 2554 592 2596 Quod
614 2554 776 2595 dictum
799 2563 863 2595 est
885 2555 936 2595 de
958 2555 1023 2605 iis,
1046 2555 1119 2609 qui
1148 2563 1251 2595 tunc
1283 2554 1468 2610 primum
1492 2555 1546 2596 ad
1568 2555 1824 2597 Societatem

460 2628 761 2679 admittuntur,
782 2629 896 2670 bona
921 2644 970 2670 ex
993 2637 1111 2684 parte
1135 2644 1232 2670 cum
1264 2629 1345 2670 illis
1377 2629 1685 2680 observabitur,
1706 2629 1780 2683 qui
1801 2630 1825 2670 εἴ

460 2702 628 2753 studiis,
650 2711 724 2742 aut
746 2703 837 2743 aliis
860 2704 962 2745 locis
986 2703 1226 2753 Societatis,
1249 2703 1322 2743 ubi
1345 2704 1570 2758 diligenter
1594 2702 1822 2743 examinati

460 2791 545 2816 non
575 2776 747 2827 fuerint,
776 2777 951 2818 veniunt
968 2795 979 2828 3
1025 2777 1098 2831 qui
1130 2777 1303 2831 quidem
1337 2793 1437 2827 non,
1466 2785 1512 2817 ut
1538 2776 1734 2826 Professi,
1756 2776 1822 2817 vel
