2004 3294
318 284 398 320 110
824 290 1256 317 CONSTITUTIONUM

342 406 368 441 9

317 1653 370 1690 10

316 2094 363 2129 11

318 2534 369 2571 12

401 401 522 441 Idem
546 400 768 441 Generalis
795 400 840 440 in
865 399 1140 441 missionibus
1170 413 1341 439 omnem
1363 397 1538 439 habebit
1568 405 1760 452 potesta-

399 480 515 523 tem3
561 474 621 515 eis
655 481 800 514 tamen
828 473 946 514 nulla
975 473 1137 514 ratione
1162 471 1459 527 repugnando,
1485 485 1582 526 quae
1610 485 1635 512 a
1664 471 1762 512 sede

399 548 649 603 Apostolica
683 549 746 601 (ut
773 548 818 588 in
854 547 1037 602 septima
1066 554 1186 601 parte
1218 546 1386 598 dicitur)
1418 545 1763 600 proficiscuntur.

400 623 576 664 Mittere
599 636 699 677 ergo
720 621 878 676 poterit
900 635 1048 662 omnes
1077 620 1158 661 sibi
1189 619 1398 670 subditos,
1421 619 1507 660 sive
1536 619 1764 674 professio-

398 711 498 737 nem
519 695 752 745 emiserint,
768 695 854 736 sive
876 709 964 734 non
986 693 1218 743 emiserint,
1245 694 1368 747 (quos
1389 692 1623 733 mittendos
1646 692 1765 747 judi-

398 769 569 822 caverit)
602 769 655 809 ad
692 768 904 822 quaslibet
935 767 1086 808 mundi
1124 774 1266 821 partes
1298 766 1353 806 ad
1383 765 1565 820 quodvis
1591 773 1764 820 tempus

396 843 464 884 vel
499 842 741 892 definitum,
777 841 845 882 vel
878 840 1167 891 indefinitum,
1203 845 1333 895 prout
1367 839 1404 880 ei
1444 838 1675 890 videbitur,
1711 839 1768 879 ad

397 918 570 970 quanvis
591 918 794 957 actionem
814 930 865 956 ex
886 915 952 966 iis,
974 914 1131 969 quibus
1152 914 1216 955 uti
1238 914 1292 954 ad
1321 913 1616 968 proximorum
1645 911 1765 953 auxi·

395 990 502 1030 lium
535 989 724 1030 Societas
757 989 863 1030 solet
894 989 1174 1029 eoeercendam.
1238 987 1399 1028 Poterit
1440 986 1569 1027 etiam
1608 985 1762 1026 missos

396 1078 608 1114 revocare,
650 1070 692 1103 et
734 1064 777 1103 z‘n
818 1063 1002 1103 omnibus
1038 1061 1236 1115 denique,
1273 1068 1322 1101 ut
1355 1060 1410 1101 ad
1443 1059 1648 1114 majorem
1681 1059 1766 1100 Dei

398 1136 577 1191 gloriam
617 1136 706 1176 fore
749 1135 943 1185 senserit,
986 1135 1223 1187 procedere.
1285 1134 1423 1184 Idem,
1464 1147 1564 1173 cum
1605 1133 1766 1173 talenta

397 1210 646 1251 hominibus
685 1208 910 1250 Societatis
952 1213 1109 1249 nostrae
1151 1208 1309 1248 donata
1349 1211 1595 1261 cognoscat,
1628 1206 1766 1247 officia

401 1283 750 1333 Praedicatorum,
773 1282 1020 1332 Lectorum,
1052 1289 1094 1321 et
1124 1280 1493 1321 Confessariorum
1525 1279 1765 1321 distribuet.

398 1357 466 1398 De
490 1356 581 1396 aliis
603 1355 753 1396 officiis
774 1355 1032 1396 tantundem
1054 1353 1342 1409 intelligatur:
1386 1361 1429 1394 et
1460 1352 1695 1408 quemlibet
1715 1367 1765 1393 eo

397 1430 442 1470 in
472 1443 663 1477 munere,
689 1429 805 1483 quod
836 1427 1160 1469 convenientius
1193 1428 1246 1468 ad
1277 1427 1472 1468 divinum
1493 1425 1766 1480 obsequium,

399 1510 441 1544 et
475 1503 656 1543 salutem
698 1502 937 1543 animarum
979 1501 1174 1542 obiturus
1215 1500 1260 1541 in
1302 1500 1494 1541 Domino
1534 1499 1765 1550 videbitur,

399 1575 648 1617 constituet.

401 1648 510 1703 Ejus
547 1649 641 1699 erit,
673 1648 738 1688 uti
771 1647 1048 1688 facultatibus
1081 1662 1106 1687 a
1139 1647 1248 1687 Sede
1280 1646 1531 1700 Apostolica
1563 1645 1766 1687 Societati

401 1721 628 1772 concessis,
666 1728 707 1761 et
744 1734 838 1761 eam
870 1728 1035 1775 partem
1063 1720 1231 1760 illarum
1259 1719 1491 1772 unicuique
1517 1718 1765 1760 inferiorum

400 1794 732 1844 communicare,
761 1808 890 1848 quam
918 1793 962 1833 in
998 1793 1092 1847 ipso
1124 1793 1233 1833 bene
1267 1792 1516 1833 collocatam
1547 1792 1602 1833 ad
1634 1793 1765 1833 finem

400 1867 533 1908 divini
555 1866 748 1921 obsequii
770 1866 894 1907 nobis
922 1866 1148 1921 praefixum
1179 1865 1496 1906 existimaverit.
1556 1860 1765 1921 Ejusdem

398 1941 493 1992 erit,
526 1954 722 1982 revocare
764 1954 850 1990 eas,
882 1939 950 1980 vel
985 1940 1250 1990 contrahere,
1284 1939 1338 1980 ad
1365 1939 1545 1980 eandem
1572 1939 1765 1994 regulam

400 2015 533 2056 divini
553 2014 811 2070 beneplaciti
832 2013 976 2055 omnia
995 2013 1218 2069 exigendo.

400 2088 609 2143 Ejusdem
639 2087 862 2129 Generalis
891 2087 1077 2128 officium
1114 2086 1207 2137 erit,
1238 2085 1573 2127 correctionibus
1604 2086 1683 2138 uti,
1714 2100 1762 2127 ac

399 2161 689 2216 poenitentias,
723 2175 819 2215 quae
856 2161 910 2201 ad
946 2159 1279 2201 satisfactionem
1314 2173 1655 2214 quoruncunque
1692 2160 1766 2200 de-

400 2235 594 2276 fectuum
629 2234 854 2275 convenire
887 2233 1161 2284 videbuntur,
1188 2233 1335 2274 habita
1366 2232 1529 2274 ratione
1563 2247 1766 2288 persona-

400 2324 512 2360 rum,
548 2314 591 2349 et
621 2308 799 2349 aliarum
831 2307 1248 2358 circunstantiarum,
1290 2306 1541 2362 injungere:
1583 2321 1765 2361 quarum

401 2382 683 2423 consideratio
705 2381 796 2437 ejus
819 2381 1015 2423 charitati
1036 2395 1134 2422 cum
1156 2380 1386 2435 prudentia
1416 2379 1661 2435 conjuncta,
1681 2394 1766 2435 qua

401 2457 456 2497 ad
477 2456 561 2497 Dei
581 2456 760 2511 gloriam
781 2463 941 2507 utetur,
963 2454 1260 2496 committitur.

402 2530 610 2585 Ejusdem
641 2530 735 2581 erit,
767 2543 998 2571 convocare
1032 2528 1289 2570 Societatem
1318 2528 1372 2568 ad
1401 2527 1643 2583 generalem
1663 2541 1765 2568 con—

401 2613 579 2646 ventum
604 2605 791 2659 (quando
823 2604 913 2645 aliis
944 2604 996 2645 de
1027 2603 1170 2654 rebus,
1198 2617 1327 2657 quam
1349 2602 1400 2644 de
1422 2602 1628 2643 electione
1651 2601 1766 2642 Prae-

401 2678 531 2732 positi
556 2684 619 2718 est
647 2678 878 2733 agendum)
908 2685 950 2718 et
984 2677 1230 2732 praecipere,
1254 2684 1304 2716 ut
1334 2674 1605 2730 provincialis
1634 2673 1763 2714 etiam

402 2752 675 2806 congregatio
717 2760 989 2802 convocetur,
1030 2751 1129 2792 cum
1170 2750 1368 2805 expedire
1411 2747 1681 2804 judicaverit,
1721 2755 1763 2788 et
