2004 3294
325 263 379 299 84

353 388 375 421 5

348 982 373 1016 6

354 2762 377 2797 S

826 276 1256 306 CONSTITUTIONUM

410 384 479 434 Ei,
501 385 573 438 qui
597 385 655 425 sic
678 386 835 427 missus
856 388 997 439 fuerit,
1020 389 1144 444 plane
1177 391 1380 430 declarari
1412 392 1610 432 convenit
1641 392 1774 447 pluri-

409 459 527 499 mum
559 461 806 502 missionem
840 477 976 514 suam,
1013 472 1054 504 ct
1097 480 1290 519 scopum,
1327 467 1412 520 quo
1454 467 1588 507 fertur
1616 467 1773 508 summi

411 533 630 574 pontificis
651 534 832 575 intentio
849 553 861 586 ;
893 545 935 576 et
956 537 1052 587 hoc,
1068 539 1105 578 si
1124 541 1226 591 fieri
1240 544 1395 591 potest,
1417 542 1460 580 in
1480 542 1664 594 scriptis,
1686 542 1772 595 quo

409 607 613 657 exactius,
635 608 751 661 quod
772 608 810 648 ei
831 608 1074 663 injunctum
1096 611 1237 661 fuerit,
1259 612 1419 666 expleri
1439 613 1588 667 possit.
1650 614 1773 655 Eun-

407 681 505 721 dem
546 681 674 721 etiam
717 682 921 737 Superior
964 683 1114 738 juvare
1157 686 1344 726 consiliis
1386 701 1434 727 ac
1474 687 1772 741 instructione,

406 755 641 810 quoadejus
672 756 763 797 fieri
796 757 968 811 poterit,
996 759 1190 810 curabit,
1228 769 1276 800 ut
1306 760 1351 801 in
1382 761 1582 802 omnibus
1613 763 1668 803 ad
1689 763 1773 804 Dei

407 838 449 870 et
480 830 592 870 sedjs
621 831 882 886 Apostolicae
916 832 1187 887 obsequium,
1212 834 1361 875 utilius
1393 850 1519 876 suum
1549 836 1772 892 impendat

406 903 707 946 ministerium„

407 977 451 1018 Si
486 978 540 1018 ad
578 978 849 1033 particularia
890 980 995 1031 loca,
1038 989 1229 1036 temporo
1266 982 1442 1024 minime
1478 983 1660 1025 limitato
1695 999 1772 1039 per

405 1066 623 1091 summum
658 1053 911 1093 Pontificem
943 1054 1163 1095 mittetur:
1208 1056 1261 1095 ad
1295 1066 1379 1096 tres
1411 1071 1581 1098 menses
1611 1057 1770 1099 ibidem

404 1126 666 1166 manendum
687 1127 724 1166 ci
746 1142 837 1167 esse
860 1127 1138 1183 intelligatur,
1161 1138 1203 1169 et
1234 1130 1385 1184 magis,
1408 1136 1482 1170 aut
1512 1131 1671 1182 minus,
1691 1147 1771 1186 pro

403 1201 531 1241 modo
560 1200 731 1255 majoris
773 1210 847 1241 aut
878 1202 1055 1242 minoris
1088 1203 1320 1257 spiritualis
1350 1204 1531 1256 fructus,
1568 1205 1642 1259 qui
1671 1205 1770 1247 inde

401 1273 564 1328 percipi
586 1274 814 1326 videbitur,
835 1275 902 1315 vel
925 1275 1025 1315 alibi
1047 1276 1312 1330 sperabitur3
1344 1277 1411 1317 vel
1439 1278 1615 1318 demum
1647 1287 1696 1320 ut
1717 1280 1771 1321 ad

401 1348 565 1389 bonum
599 1349 771 1403 aliquod
808 1349 1045 1390 universale
1081 1351 1218 1405 magis
1256 1351 1453 1406 expedire
1489 1352 1770 1408 judicabitur.

405 1423 516 1465 Quae
557 1424 701 1464 omnia
735 1424 862 1479 juxta
905 1424 1145 1479 Superioris
1188 1425 1427 1477 arbitrium,
1469 1427 1543 1481 qui
1579 1436 1772 1469 sanctam

403 1497 687 1538 intentionem
711 1498 934 1538 Pontificis
956 1498 1000 1538 in
1025 1498 1186 1539 Christi
1208 1499 1388 1540 Domini
1409 1501 1545 1541 nostri
1572 1502 1773 1557 obsequi-

403 1586 477 1611 um
500 1571 801 1623 considerabit,
824 1571 1130 1627 transigentur.

405 1644 517 1684 Cum
539 1645 583 1684 in
604 1645 708 1686 locis
731 1645 965 1700 designatis
988 1647 1150 1687 diutius
1173 1647 1252 1687 erit
1273 1647 1576 1699 residendum3
1611 1648 1645 1688 si
1678 1648 1770 1689 fieri

402 1719 561 1774 poterit
593 1719 683 1760 sine
716 1720 971 1761 detrimento
1003 1721 1250 1776 principalis
1286 1722 1517 1773 missionis,
1551 1731 1679 1777 atque
1705 1723 1772 1764 in-

403 1793 607 1834 tentionis
640 1794 797 1834 summi
827 1794 1075 1845 Pontificis3
1117 1795 1389 1836 excursiones
1420 1796 1598 1850 aliquas,
1629 1797 1664 1837 si
1694 1812 1773 1852 po-

404 1867 516 1918 terit,
550 1875 592 1908 et
633 1883 731 1908 cum
773 1868 917 1909 fructu
951 1869 1083 1909 divini
1120 1869 1279 1910 servitii
1315 1885 1385 1910 cas
1418 1871 1507 1911 fore
1543 1870 1772 1926 judicabit,

405 1941 557 1991 facere,
579 1956 666 1982 non
689 1941 768 1982 erit
789 1942 1121 1992 inconveniens3
1152 1951 1201 1983 ut
1227 1943 1272 1983 in
1303 1943 1407 1984 locis
1437 1944 1589 1986 vicinis
1611 1945 1773 1987 anima-

403 2029 500 2054 rum
542 2014 699 2056 auxilio
742 2015 945 2067 serviens,
986 2016 1264 2071 postmodum
1307 2017 1360 2058 ad
1401 2032 1490 2058 suae
1530 2018 1772 2060 residentiae

406 2088 549 2128 locum
585 2089 757 2129 redeat:
805 2089 850 2129 in
884 2104 969 2143 quo
1003 2090 1177 2143 quidem
1210 2096 1367 2145 praeter
1398 2091 1457 2142 id,
1490 2092 1608 2146 quod
1637 2100 1702 2134 est
1735 2093 1773 2134 ei

404 2163 609 2217 peculiari
635 2164 798 2204 ratione
830 2163 1074 2217 injunctum
1101 2165 1170 2218 (ad
1201 2165 1318 2219 quod
1348 2166 1612 2222 praecipuam
1643 2167 1772 2208 etiam

405 2238 594 2278 conferet
615 2252 775 2289 curam,
797 2252 875 2278 nec
896 2246 1073 2293 propter
1094 2238 1195 2279 alias
1225 2240 1484 2292 occasiones,
1503 2241 1603 2282 licet
1623 2241 1773 2292 bonas,

407 2312 538 2352 divini
561 2312 755 2366 obsequii
775 2312 1066 2367 posthabebit)
1091 2321 1250 2368 potest,
1272 2322 1314 2354 et
1346 2314 1474 2356 debet
1505 2315 1772 2357 considerare

407 2385 562 2440 quibus
584 2386 676 2426 aliis
696 2386 742 2426 in
765 2386 909 2437 rebus,
931 2401 1027 2441 quae
1060 2387 1113 2426 ad
1135 2387 1218 2427 Dei
1248 2387 1441 2442 gloriam,
1463 2397 1506 2429 et
1534 2389 1773 2430 animarum

408 2460 590 2501 salutem
624 2461 861 2512 conferant,
898 2475 1018 2501 suam
1057 2476 1230 2516 operam
1268 2462 1358 2502 sine
1392 2463 1650 2505 detrimento
1685 2479 1773 2505 suae

408 2535 622 2575 missionis
649 2536 712 2588 (ut
735 2535 898 2576 dictum
920 2535 999 2587 est)
1024 2535 1161 2590 possit
1182 2536 1444 2591 impendere.
1505 2537 1775 2593 Opportuni-

410 2617 540 2649 tatem
575 2617 733 2659 autem,
775 2624 902 2664 quam
938 2609 1058 2650 Deus
1092 2610 1146 2650 ad
1187 2611 1231 2650 id
1272 2611 1450 2663 dederit,
1483 2619 1695 2666 quantum
1731 2612 1776 2652 in

410 2684 558 2723 eodeni
582 2684 807 2725 convenire
831 2684 1058 2738 judicabit,
1081 2700 1101 2724 c
1125 2685 1324 2726 manibus
1347 2686 1456 2727 elabi
1478 2701 1565 2727 non
1588 2686 1713 2727 sinet.

410 2757 480 2797 Ad
514 2757 643 2798 finem
686 2766 842 2799 nostrae
885 2758 1158 2812 professionis
1202 2774 1247 2800 ac
1290 2759 1586 2814 promissionis
1623 2759 1776 2802 melius
