2004 3294
289 282 367 317 112

293 773 345 809 18

297 1067 349 1104 19

297 1363 352 1399 20

341 2703 364 2738 [Ο

789 290 1221 318 CONSTITUTIONUM

375 398 541 454 gravari
574 399 725 454 magis,
757 400 884 453 quam
908 399 1050 454 juvari
1083 399 1356 449 Societatem,
1378 412 1456 438 nec
1480 397 1743 453 Praepositus

378 473 601 515 Generalis
643 473 695 513 de
736 473 922 514 remedio
964 473 1252 528 prospiceret3
1305 473 1349 513 in
1385 472 1523 527 primo
1558 470 1745 527 generali

377 547 601 588 Societatis
634 553 863 596 conventu,
894 554 1041 586 utrum
1068 545 1318 600 hujusmodi
1349 546 1533 596 Domus,
1557 544 1745 599 Collegi-

376 637 466 672 um,
494 621 561 662 vel
593 619 862 661 Universitas
896 619 1093 673 relinqui,
1127 634 1181 659 an
1216 619 1351 660 teneri
1384 633 1483 660 cum
1518 619 1593 660 tali
1617 631 1745 660 onere

378 693 590 748 expediat,
612 693 680 747 agi
702 692 873 747 poterit.

378 767 640 817 Transferre,
661 766 729 807 vel
761 766 989 806 dissolvere
1013 766 1194 817 Domos,
1215 765 1283 806 vel
1306 764 1498 819 Collegia
1520 763 1612 819 jam
1633 777 1748 804 erec-

378 852 436 892 ta,
459 849 532 882 aut
554 841 598 881 in
620 855 749 880 usum
773 839 997 880 Societatis
1019 839 1223 893 professae
1250 837 1445 878 redditus
1477 851 1625 878 eorum
1646 850 1749 877 con-

379 922 541 956 vertere
565 913 829 968 Praepositus
853 912 1091 963 Generalis,
1113 916 1162 952 ut
1182 911 1227 952 in
1250 919 1401 965 quarta
1431 918 1552 966 parte
1583 910 1748 950 dictum

380 997 458 1041 est,
481 1003 568 1029 non
590 987 760 1043 poterit.

386 1064 627 1116 Coynoscat,
661 1060 896 1115 quoadejus
939 1059 1030 1099 fieri
1071 1058 1243 1113 poterit,
1285 1058 1557 1098 conscientias
1593 1070 1748 1106 eorum,

384 1137 454 1189 qui
481 1136 555 1175 sub
584 1135 671 1186 ejus
702 1134 933 1174 obedientia
960 1137 1071 1182 sunt,
1094 1146 1141 1171 ac
1169 1131 1384 1186 praecipue
1415 1129 1750 1184 Praepositorum

383 1208 728 1258 provincialium,
761 1216 803 1248 et
837 1207 1031 1256 aliorum,
1065 1206 1222 1259 quibus
1251 1219 1430 1246 munera
1460 1204 1633 1259 majoris
1660 1218 1751 1244 mo-

381 1282 516 1323 menti
537 1281 781 1322 committit.

384 1355 633 1398 Generatim
668 1353 899 1407 loquendo,
935 1352 980 1392 in
1015 1351 1143 1392 rebus
1180 1350 1396 1402 omnibus,
1433 1365 1529 1406 quae
1565 1350 1621 1391 ad
1652 1363 1752 1405 pro-

382 1431 574 1487 positum
597 1427 801 1470 Societati
828 1427 959 1466 finem
988 1424 1262 1480 perfectionis
1291 1433 1333 1465 et
1364 1424 1509 1466 auxilii
1538 1423 1755 1479 proximo·

384 1520 480 1546 rum
522 1503 577 1544 ad
617 1501 795 1557 gloriam
838 1499 921 1540 Dei
961 1499 1141 1550 faciunt,
1183 1498 1384 1539 omnibus
1435 1497 1668 1553 praecipere
1709 1495 1755 1536 in

385 1576 639 1620 obedientiae
659 1575 816 1616 virtute
844 1573 1011 1628 possit3
1058 1572 1118 1613 Et
1149 1572 1330 1626 quanvis
1362 1571 1454 1612 aliis
1484 1569 1755 1612 inferioribus

387 1650 650 1706 Praepositis,
690 1648 758 1689 vel
797 1646 1118 1696 Visitatoribus,
1165 1646 1231 1686 vel
1275 1645 1590 1686 Commissariis
1633 1658 1755 1685 suam

386 1725 633 1766 facultatem
667 1720 983 1770 communicet3
1027 1718 1185 1774 poterit
1222 1727 1366 1759 tamen
1404 1718 1655 1773 approbare,
1688 1717 1756 1757 vel

387 1797 626 1840 rescindere
656 1795 772 1849 quod
796 1794 856 1834 illi
887 1792 1079 1843 fecerint,
1111 1797 1153 1832 et
1185 1792 1230 1832 in
1264 1792 1465 1832 omnibus
1494 1791 1610 1846 quod
1640 1790 1756 1831 vide-

387 1873 518 1922 bitur,
540 1869 825 1911 constituere:
859 1872 901 1907 et
923 1880 1092 1920 semper
1113 1866 1151 1906 ei
1172 1865 1460 1906 obedientiam
1492 1879 1540 1905 ac
1561 1878 1756 1905 reveren-

388 1947 490 1988 tiam
514 1948 579 1994 (ut
600 1945 671 1997 qui
696 1942 855 1983 Christi
874 1942 982 1982 vices
999 1941 1129 1994 yerit)
1155 1939 1349 1994 praestari
1371 1938 1600 1994 oportebit.

440 2162 502 2189 DE
527 2155 833 2191 FACULTATE,
855 2153 950 2180 VEL
976 2148 1316 2178 PROVIDENTIA
1340 2145 1620 2177 SOCIETATIS

620 2230 751 2258 ERGA
777 2225 1098 2255 PRAEPOSITUM
1125 2221 1448 2251 GENERALEM.

914 2302 1043 2344 CAP.
1076 2300 1154 2341 IV.

395 2403 670 2449 FAcumAs,
691 2397 759 2438 vel
788 2392 1057 2451 providentia
1080 2388 1304 2432 Societatis
1337 2400 1437 2442 erga
1460 2383 1760 2439 Praepositum,

393 2476 541 2518 habita
562 2486 729 2527 semper
749 2469 912 2511 ratione
933 2465 1037 2507 boni
1066 2462 1334 2513 universalis,
1355 2475 1403 2501 ac
1433 2458 1607 2514 majoris
1627 2455 1761 2498 aedifi-

396 2549 589 2598 cationis,
622 2561 695 2587 sex
722 2545 767 2585 in
798 2543 941 2594 rebus,
970 2554 1066 2594 quae
1098 2539 1152 2579 ad
1173 2537 1257 2578 Dei
1285 2535 1464 2591 gloriam
1488 2533 1638 2588 juvare
1662 2544 1763 2586 pos-

399 2631 516 2673 sunt,
538 2619 748 2662 consistit.

398 2696 541 2738 Prima
563 2694 616 2734 ad
636 2707 702 2733 res
725 2699 921 2732 externas
943 2687 1129 2743 pertinet
1150 2684 1347 2733 vestitus,
1368 2682 1522 2731 victus,
1543 2684 1586 2720 et
1606 2691 1765 2732 expen-

399 2784 542 2811 sarum
565 2765 852 2822 quarumlibet
871 2763 925 2804 ad
953 2774 1180 2816 personam
1205 2755 1429 2811 Praepositi
1451 2751 1766 2809 spectantium3
