1987 3374
691 345 813 372 PARS
847 344 1056 372 OCTAVA.
1519 337 1597 373 103

222 462 309 495 tam
331 454 375 494 in
397 453 538 494 medio
560 453 805 508 relinquent
824 471 835 505 3
874 459 923 494 ut
945 453 1056 508 siqui
1077 453 1225 505 velint,
1248 469 1341 494 eam
1373 454 1534 509 legant,
1556 464 1599 496 ct

221 529 339 583 quod
369 543 419 569 ea
449 529 501 569 de
535 543 579 570 re
617 528 826 580 sentiunt,
852 528 897 569 in
927 528 1125 583 sequenti
1155 528 1502 584 Congregatione
1535 530 1600 570 di-

222 609 337 643 cant.

161 681 186 716 3
221 675 369 716 Rebus
392 676 563 731 agitatis
586 676 687 717 hinc
710 676 809 717 inde
832 676 875 717 in
905 691 1006 727 una,
1029 676 1096 717 vel
1127 676 1326 732 pluribus
1351 676 1599 732 Congrega—

221 750 428 801 tionibus,
451 750 486 791 si
514 750 623 791 nihil
653 751 879 792 manifeste
910 750 955 791 in
985 751 1161 792 alteram
1192 758 1361 806 partem
1394 750 1600 792 constitui

219 825 463 876 videretur,
496 825 715 866 communi
745 825 955 875 omnium,
977 825 1044 866 vel
1075 825 1162 866 fere
1194 825 1389 866 omnium
1421 840 1599 867 assensu

219 903 418 953 quatuor,
440 899 514 953 qui
542 898 766 949 definiant,
803 914 855 939 ex
891 899 966 950 eis,
989 899 1063 953 qui
1096 899 1314 940 intersunt
1351 900 1600 952 conventui,

219 980 262 1013 et
283 973 328 1013 in
350 987 399 1014 eo
423 972 498 1027 jus
527 973 690 1014 habent
722 973 928 1028 suffragii,
950 973 1141 1028 plurium
1174 974 1399 1015 sententiis
1426 974 1599 1028 (quibus

218 1047 288 1088 alii
311 1062 355 1088 se
378 1055 489 1088 stare
510 1048 617 1089 velle
644 1047 916 1103 promittant)
943 1047 1173 1103 eligantur,
1196 1048 1271 1103 qui
1293 1048 1462 1103 quoties
1486 1064 1598 1104 opus

219 1121 363 1173 fuerit,
386 1136 485 1162 cum
509 1122 748 1177 Praeposito
772 1122 975 1164 Generali
1008 1122 1258 1177 congregati
1290 1123 1434 1164 omnia
1462 1138 1524 1175 ea,
1547 1124 1599 1164 de

219 1195 377 1250 quibus
400 1196 556 1251 agitur,
579 1195 793 1238 decident,
858 1197 991 1240 Quod
1023 1197 1058 1237 si
1090 1212 1240 1238 omnes
1273 1197 1467 1252 ejusdem
1500 1213 1596 1238 sen-

218 1270 365 1311 tentiae
387 1285 476 1312 non
497 1270 682 1322 fuerint3
715 1285 800 1325 quo
821 1276 971 1326 verget
992 1271 1128 1327 major
1149 1286 1264 1327 pars,
1286 1272 1332 1313 id
1362 1272 1594 1327 praeferen-

219 1344 338 1396 dum,
361 1352 403 1385 et
425 1359 449 1385 a
469 1350 561 1386 tota
583 1345 930 1400 Congregatione
952 1353 1002 1386 ut
1033 1347 1082 1387 de
1103 1360 1228 1387 mame
1250 1347 1421 1388 Domini
1443 1347 1598 1389 admit-

219 1419 403 1460 tendum
426 1419 519 1461 erit.

159 1497 185 1532 4
220 1491 265 1533 Si
289 1493 554 1548 Praepositus
573 1493 812 1545 Generalis,
830 1509 918 1535 non
940 1494 1020 1535 erit
1042 1509 1092 1535 ea
1111 1494 1367 1536 habitudine
1390 1496 1597 1551 corporis,

217 1572 267 1607 ut
301 1568 440 1622 possit
476 1568 604 1609 rebus
647 1568 849 1609 omnibus
892 1569 1127 1610 tractandis
1169 1570 1406 1621 interesse3
1451 1578 1600 1625 posset

218 1641 350 1682 alium
382 1657 460 1683 suo
496 1642 590 1683 loco
625 1642 912 1694 substituere3
956 1651 998 1684 et
1033 1643 1092 1684 sic
1127 1644 1361 1698 sigillatim,
1395 1644 1598 1686 omnibus

217 1715 347 1757 rebus
369 1716 632 1768 constitutis,
655 1724 784 1772 prout
816 1716 967 1772 majori
999 1717 1111 1772 parti
1142 1717 1284 1758 visum
1316 1718 1459 1769 fuerit,
1482 1719 1599 1773 quod

217 1790 439 1832 decretum
462 1799 541 1843 est,
565 1791 791 1843 scribetur,
814 1800 857 1833 et
878 1792 923 1833 in
953 1792 1082 1848 plena
1105 1792 1452 1848 Congregatione
1484 1793 1599 1849 lege-

216 1872 312 1917 tur,
343 1873 400 1918 et,
423 1866 459 1907 si
480 1866 609 1907 etiam
632 1874 737 1908 tunc
760 1867 887 1908 alicui
914 1867 1057 1909 visum
1088 1868 1231 1919 fuerit,
1263 1867 1369 1922 quid
1400 1883 1449 1909 ea
1479 1868 1523 1909 in
1555 1884 1598 1909 re

217 1940 389 1991 sentiat,
432 1940 572 1982 dicere
614 1941 653 1982 ei
687 1941 860 1993 licebit3
908 1943 985 1983 sed
1026 1943 1171 1983 omnia
1211 1943 1388 1984 tandem
1422 1943 1597 1984 arbitrio

218 2014 446 2069 Praepositi
468 2030 568 2056 cum
591 2016 908 2057 Definitoribus
929 2016 1211 2071 reliquentur.

159 2094 182 2129 5
219 2088 514 2130 Consideratis
552 2090 694 2131 denuo
730 2090 828 2142 illis,
871 2105 968 2146 quae
1010 2092 1204 2133 discussa
1239 2099 1355 2143 sunt,
1390 2100 1432 2133 et
1468 2093 1597 2134 modo

209 2162 302 2218 jam
324 2163 440 2205 dicto
463 2178 635 2205 rursum
658 2165 922 2216 constitutis,
955 2165 1219 2207 Secretarius
1251 2166 1296 2207 in
1328 2166 1437 2208 libro
1469 2167 1523 2207 ad
1554 2166 1597 2207 id

216 2237 433 2280 destinato
455 2253 505 2280 ea
525 2240 806 2294 postmodum
828 2241 1145 2296 promulganda
1167 2241 1339 2283 scribet.

820 2902 899 2939 ³2
