2004 3294
631 655 1078 715 SEPTIMA
1144 656 1440 728 PARS3

368 790 418 829 de
440 790 506 840 iis,
529 803 614 841 quse
628 790 844 842 pertinent
865 790 923 829 ad
941 790 1141 830 admissos
1162 791 1205 829 in
1228 803 1376 842 corpus
1399 790 1624 830 Societatis
1645 789 1702 829 ad

532 865 822 915 onoeimorzem
845 864 1072 904 utilitatem
1095 878 1178 916 per
1200 865 1359 904 vineam
1381 864 1550 904 Domini

876 937 1196 978 distribuendos.

586 1198 648 1225 DE
669 1197 986 1226 MISSIONIBUS
1011 1198 1170 1225 SUMMI
1198 1197 1487 1225 PONTIFICIS.

337 1371 354 1405 1
513 1365 550 1405 Τ
572 1365 616 1405 in
639 1372 759 1406 sexta
780 1373 900 1420 parte
924 1365 975 1405 de
997 1364 1048 1405 iis
1072 1364 1236 1405 dictum
1266 1373 1345 1415 est,
1367 1378 1464 1418 quae
1496 1364 1764 1405 observanda

384 1363 617 1503 Usunt
639 1439 793 1493 cuique
816 1439 868 1480 de
892 1439 1104 1480 Societate
1127 1453 1227 1493 erga
1249 1453 1292 1479 se
1313 1438 1459 1493 ipsum
1472 1455 1484 1489 3
1526 1438 1587 1479 ita
1616 1438 1661 1478 in
1682 1439 1762 1478 hac

389 1515 573 1570 septima
604 1515 656 1556 de
692 1515 744 1555 iis
773 1514 1005 1555 dicendum
1038 1522 1116 1564 est,
1159 1529 1255 1568 quae
1287 1528 1387 1568 erga
1414 1512 1634 1569 proximos
1673 1512 1763 1567 (qui

389 1590 487 1630 finis
510 1589 646 1630 nostri
669 1588 866 1629 Instituti
887 1588 1008 1629 valde
1030 1587 1231 1643 proprius
1260 1589 1340 1641 est)
1375 1587 1480 1628 dum
1511 1586 1764 1628 dividuntur

388 1678 466 1718 per
494 1662 658 1704 Christi
692 1662 877 1713 vineam,
910 1670 959 1702 ut
994 1661 1039 1701 in
1076 1676 1125 1702 ea
1157 1661 1271 1701 illius
1299 1668 1434 1715 parte,
1463 1668 1592 1714 atque
1620 1674 1762 1714 opere,

387 1737 505 1791 quod
540 1736 645 1791 ipsis
688 1735 967 1777 commissum
1008 1734 1151 1785 fuerit,
1194 1749 1237 1774 se
1272 1741 1511 1785 exerceant,
1547 1733 1762 1774 observan'

388 1811 562 1862 debent,
597 1810 683 1851 sive
718 1825 741 1850 a
775 1824 944 1850 summo
988 1808 1151 1851 Christi
1184 1808 1366 1849 Domini
1406 1807 1543 1849 nostri
1575 1807 1761 1858 Vicario,

389 1885 475 1926 sive
508 1900 531 1925 a
564 1883 866 1939 Superioribus
894 1883 1134 1933 Societatss,
1168 1883 1238 1935 qui
1269 1884 1395 1923 etiam
1426 1883 1572 1923 divim
1601 1881 1761 1935 Majes-

388 1960 493 2000 tatis
515 1960 601 1999 loco
624 1960 726 2011 ipsis
745 1961 949 2010 prcesmzt,
971 1971 1048 2011 per
1070 1956 1237 1997 diversa
1265 1956 1359 1996 loca
1388 1955 1643 2006 mittantur3
1673 1955 1760 1996 sive

386 2032 560 2088 ipsimet
601 2032 682 2072 sibi
724 2031 885 2086 eligant
917 2030 1006 2081 ubi,
1040 2038 1082 2071 et
1115 2044 1200 2084 qua
1235 2030 1279 2070 in
1312 2044 1357 2071 re
1393 2034 1661 2084 occupentur
1672 2045 1686 2080 3
1725 2028 1761 2069 si

386 2107 579 2162 ipsorum
616 2105 781 2160 judicio
813 2105 1009 2145 relictum
1040 2104 1183 2154 fuerit,
1214 2111 1264 2144 ut
1295 2103 1538 2144 discurrant
1568 2103 1760 2158 quacun-

387 2195 469 2234 que
500 2179 640 2233 majus
663 2178 746 2219 Dei
771 2187 813 2218 et
845 2177 1024 2218 Domini
1061 2177 1196 2218 nostri
1225 2170 1496 2231 obsequium,
1524 2181 1567 2217 et
1597 2176 1759 2217 anima-

387 2269 483 2294 rum
505 2253 724 2308 profectus
756 2251 926 2306 assequi
958 2265 1001 2291 se
1032 2265 1159 2306 posse
1192 2250 1478 2301 arbitrentur3
1521 2249 1608 2291 sive
1639 2249 1760 2291 labor

386 2342 474 2368 non
495 2327 539 2367 in
563 2326 742 2377 diversa,
765 2326 841 2367 sed
861 2325 907 2366 in
939 2325 1081 2366 stabih'
1112 2339 1161 2366 ac
1192 2325 1399 2366 continua
1427 2324 1691 2366 habitatione
1712 2324 1758 2365 in

384 2402 598 2457 aliquibus
631 2401 750 2453 locis,
783 2400 859 2441 ubi
891 2414 1075 2455 magnus
1110 2399 1265 2440 divinae
1301 2399 1448 2454 gloriae
1484 2407 1527 2440 et
1561 2399 1756 2453 obsequii

384 2484 619 2532 proventus
662 2483 870 2530 speratur,
913 2474 968 2514 sit
1008 2473 1339 2528 impendendus.
1414 2473 1488 2525 Et,
1528 2483 1578 2514 ut
1617 2473 1757 2528 primo

385 2551 478 2592 loco
514 2550 565 2591 de
601 2549 804 2591 missione
839 2548 996 2589 summi
1035 2547 1256 2589 Pontificis
1292 2548 1404 2588 inter
1440 2556 1616 2589 caeteras
1648 2562 1758 2602 prae-

385 2624 511 2678 cipua
545 2631 764 2674 tractetur,
798 2621 1227 2663 animadvertendum
1262 2630 1355 2673 est3
1399 2622 1516 2676 quod
1540 2636 1590 2662 eo
1622 2621 1758 2662 fertur

384 2698 565 2739 intentio
603 2699 704 2739 Voti
737 2697 865 2749 illius,
899 2711 984 2752 quo
1022 2712 1064 2737 se
1103 2696 1358 2738 obedientiae
1401 2695 1558 2737 summi
1593 2695 1756 2737 Christi

384 2771 542 2813 Vicarii
584 2772 673 2813 sinc
716 2771 802 2813 ulla
843 2770 1115 2812 excusatione
1160 2770 1349 2813 Societas
1392 2769 1654 2820 obstrinxit3
1707 2777 1755 2810 ut
