<?xml version="1.0" encoding="UTF-8"?>
<!DOCTYPE html PUBLIC "-//W3C//DTD XHTML 1.0 Transitional//EN"
    "http://www.w3.org/TR/xhtml1/DTD/xhtml1-transitional.dtd">
<html xmlns="http://www.w3.org/1999/xhtml" xml:lang="en" lang="en">
 <head>
  <title>
</title>
<meta http-equiv="Content-Type" content="text/html;charset=utf-8" />
  <meta name='ocr-system' content='tesseract 3.04.00' />
  <meta name='ocr-capabilities' content='ocr_page ocr_carea ocr_par ocr_line ocrx_word'/>
</head>
<body>
  <div class='ocr_page' id='page_1' title='image "./constitutionesso00jesuuoft_0086.png"; bbox 0 0 2004 3294; ppageno 0'>
   <div class='ocr_carea' id='block_1_1' title="bbox 357 2400 379 2447">
    <p class='ocr_par' dir='ltr' id='par_1_1' title="bbox 357 2400 379 2447">
     <span class='ocr_line' id='line_1_1' title="bbox 357 2400 379 2447; textangle 90"><span class='ocrx_word' id='word_1_1' title='bbox 357 2400 379 2447; x_wconf 44' lang='lat'><strong>*1</strong></span> 
     </span>
    </p>
   </div>
   <div class='ocr_carea' id='block_1_2' title="bbox 825 299 1256 327">
    <p class='ocr_par' dir='ltr' id='par_1_2' title="bbox 825 299 1256 327">
     <span class='ocr_line' id='line_1_2' title="bbox 825 299 1256 327; baseline 0 -1"><span class='ocrx_word' id='word_1_2' title='bbox 825 299 1256 327; x_wconf 73' lang='lat' dir='ltr'>CONSTITUTIONUM</span> 
     </span>
    </p>
   </div>
   <div class='ocr_carea' id='block_1_3' title="bbox 407 407 1779 2821">
    <p class='ocr_par' dir='ltr' id='par_1_3' title="bbox 407 407 1776 974">
     <span class='ocr_line' id='line_1_3' title="bbox 410 407 1776 464; baseline 0.001 -15"><span class='ocrx_word' id='word_1_3' title='bbox 410 408 602 464; x_wconf 91' lang='lat' dir='ltr'><strong>mosynis</strong></span> <span class='ocrx_word' id='word_1_4' title='bbox 634 408 799 459; x_wconf 82' lang='lat' dir='ltr'><strong>vivunt,</strong></span> <span class='ocrx_word' id='word_1_5' title='bbox 835 417 877 449; x_wconf 88' lang='lat' dir='ltr'><strong>ct</strong></span> <span class='ocrx_word' id='word_1_6' title='bbox 911 409 993 463; x_wconf 89' lang='lat' dir='ltr'><strong>ipsi</strong></span> <span class='ocrx_word' id='word_1_7' title='bbox 1027 409 1176 450; x_wconf 90' lang='lat' dir='ltr'><strong>eodem</strong></span> <span class='ocrx_word' id='word_1_8' title='bbox 1211 409 1338 449; x_wconf 90' lang='lat' dir='ltr'><strong>modo</strong></span> <span class='ocrx_word' id='word_1_9' title='bbox 1367 409 1537 449; x_wconf 84' lang='lat' dir='ltr'><strong>vivent:</strong></span> <span class='ocrx_word' id='word_1_10' title='bbox 1585 408 1638 449; x_wconf 87' lang='lat' dir='ltr'><strong>In</strong></span> <span class='ocrx_word' id='word_1_11' title='bbox 1675 407 1776 450; x_wconf 93' lang='lat' dir='ltr'><strong>Col-</strong></span> 
     </span>
     <span class='ocr_line' id='line_1_4' title="bbox 409 483 1773 538; baseline 0 -15"><span class='ocrx_word' id='word_1_12' title='bbox 409 483 546 538; x_wconf 83' lang='lat' dir='ltr'><strong>legiis,</strong></span> <span class='ocrx_word' id='word_1_13' title='bbox 575 483 610 523; x_wconf 90' lang='lat' dir='ltr'><strong>si</strong></span> <span class='ocrx_word' id='word_1_14' title='bbox 643 484 846 524; x_wconf 87' lang='lat' dir='ltr'><strong>Rectores</strong></span> <span class='ocrx_word' id='word_1_15' title='bbox 878 483 1052 534; x_wconf 89' lang='lat' dir='ltr'><strong>fuerint,</strong></span> <span class='ocrx_word' id='word_1_16' title='bbox 1082 483 1149 524; x_wconf 85' lang='lat' dir='ltr'><strong>vel</strong></span> <span class='ocrx_word' id='word_1_17' title='bbox 1186 483 1404 534; x_wconf 76' lang='lat' dir='ltr'>Lectores,</span> <span class='ocrx_word' id='word_1_18' title='bbox 1440 491 1514 523; x_wconf 92' lang='lat' dir='ltr'><strong>aut</strong></span> <span class='ocrx_word' id='word_1_19' title='bbox 1542 483 1699 538; x_wconf 84' lang='lat' dir='ltr'>alioqui</span> <span class='ocrx_word' id='word_1_20' title='bbox 1729 483 1773 523; x_wconf 90' lang='lat' dir='ltr'><strong>in</strong></span> 
     </span>
     <span class='ocr_line' id='line_1_5' title="bbox 407 556 1776 608; baseline 0 -11"><span class='ocrx_word' id='word_1_21' title='bbox 407 556 536 597; x_wconf 90' lang='lat' dir='ltr'><strong>rebus</strong></span> <span class='ocrx_word' id='word_1_22' title='bbox 567 556 830 608; x_wconf 89' lang='lat' dir='ltr'><strong>necessariis,</strong></span> <span class='ocrx_word' id='word_1_23' title='bbox 850 556 917 596; x_wconf 86' lang='lat' dir='ltr'><strong>vel</strong></span> <span class='ocrx_word' id='word_1_24' title='bbox 947 556 1068 596; x_wconf 80' lang='lat' dir='ltr'><strong>valde</strong></span> <span class='ocrx_word' id='word_1_25' title='bbox 1101 556 1455 597; x_wconf 84' lang='lat' dir='ltr'><strong>convenientibus</strong></span> <span class='ocrx_word' id='word_1_26' title='bbox 1486 557 1647 597; x_wconf 89' lang='lat' dir='ltr'><strong>eisdem</strong></span> <span class='ocrx_word' id='word_1_27' title='bbox 1675 556 1776 597; x_wconf 91' lang='lat' dir='ltr'><strong>Col-</strong></span> 
     </span>
     <span class='ocr_line' id='line_1_6' title="bbox 407 628 1776 683; baseline 0.001 -14"><span class='ocrx_word' id='word_1_28' title='bbox 407 629 529 683; x_wconf 84' lang='lat' dir='ltr'><strong>legiis</strong></span> <span class='ocrx_word' id='word_1_29' title='bbox 560 629 687 669; x_wconf 88' lang='lat' dir='ltr'><strong>utiles</strong></span> <span class='ocrx_word' id='word_1_30' title='bbox 717 628 891 678; x_wconf 88' lang='lat' dir='ltr'><strong>fuerint,</strong></span> <span class='ocrx_word' id='word_1_31' title='bbox 922 628 1081 678; x_wconf 85' lang='lat' dir='ltr'><strong>vivent,</strong></span> <span class='ocrx_word' id='word_1_32' title='bbox 1104 628 1214 668; x_wconf 89' lang='lat' dir='ltr'><strong>sicut</strong></span> <span class='ocrx_word' id='word_1_33' title='bbox 1244 628 1411 682; x_wconf 85' lang='lat' dir='ltr'><strong>reliqui,</strong></span> <span class='ocrx_word' id='word_1_34' title='bbox 1440 644 1491 669; x_wconf 85' lang='lat' dir='ltr'><strong>ex</strong></span> <span class='ocrx_word' id='word_1_35' title='bbox 1512 643 1658 669; x_wconf 90' lang='lat' dir='ltr'><strong>eorum</strong></span> <span class='ocrx_word' id='word_1_36' title='bbox 1680 630 1776 670; x_wconf 90' lang='lat' dir='ltr'><strong>red-</strong></span> 
     </span>
     <span class='ocr_line' id='line_1_7' title="bbox 409 701 1775 756; baseline 0.001 -14"><span class='ocrx_word' id='word_1_37' title='bbox 409 702 586 753; x_wconf 77' lang='lat' dir='ltr'><strong>ditibus,</strong></span> <span class='ocrx_word' id='word_1_38' title='bbox 602 702 794 756; x_wconf 89' lang='lat' dir='ltr'><strong>quandiu</strong></span> <span class='ocrx_word' id='word_1_39' title='bbox 816 716 963 742; x_wconf 85' lang='lat' dir='ltr'><strong>eorum</strong></span> <span class='ocrx_word' id='word_1_40' title='bbox 986 716 1114 756; x_wconf 88' lang='lat' dir='ltr'><strong>opera</strong></span> <span class='ocrx_word' id='word_1_41' title='bbox 1131 701 1323 755; x_wconf 81' lang='lat' dir='ltr'><strong>Collegia</strong></span> <span class='ocrx_word' id='word_1_42' title='bbox 1343 702 1614 756; x_wconf 84' lang='lat' dir='ltr'><strong>indigebunt.</strong></span> <span class='ocrx_word' id='word_1_43' title='bbox 1663 703 1775 743; x_wconf 89' lang='lat' dir='ltr'><strong>Cum</strong></span> 
     </span>
     <span class='ocr_line' id='line_1_8' title="bbox 411 775 1776 830; baseline 0 -14"><span class='ocrx_word' id='word_1_44' title='bbox 411 784 553 817; x_wconf 89' lang='lat' dir='ltr'><strong>autem</strong></span> <span class='ocrx_word' id='word_1_45' title='bbox 577 775 780 817; x_wconf 82' lang='lat' dir='ltr'><strong>desierint</strong></span> <span class='ocrx_word' id='word_1_46' title='bbox 800 775 928 816; x_wconf 89' lang='lat' dir='ltr'><strong>utiles</strong></span> <span class='ocrx_word' id='word_1_47' title='bbox 957 790 1047 816; x_wconf 90' lang='lat' dir='ltr'><strong>esse</strong></span> <span class='ocrx_word' id='word_1_48' title='bbox 1081 775 1298 830; x_wconf 83' lang='lat' dir='ltr'><strong>Collegiis,</strong></span> <span class='ocrx_word' id='word_1_49' title='bbox 1329 776 1526 817; x_wconf 82' lang='lat' dir='ltr'><strong>desinent</strong></span> <span class='ocrx_word' id='word_1_50' title='bbox 1546 776 1591 816; x_wconf 89' lang='lat' dir='ltr'><strong>in</strong></span> <span class='ocrx_word' id='word_1_51' title='bbox 1613 776 1673 817; x_wconf 86' lang='lat' dir='ltr'><strong>eis</strong></span> <span class='ocrx_word' id='word_1_52' title='bbox 1700 777 1776 817; x_wconf 95' lang='lat' dir='ltr'><strong>ha-</strong></span> 
     </span>
     <span class='ocr_line' id='line_1_9' title="bbox 409 849 1776 900; baseline 0 -10"><span class='ocrx_word' id='word_1_53' title='bbox 409 849 574 900; x_wconf 83' lang='lat' dir='ltr'><strong>bitare3</strong></span> <span class='ocrx_word' id='word_1_54' title='bbox 621 857 663 890; x_wconf 91' lang='lat' dir='ltr'><strong>et</strong></span> <span class='ocrx_word' id='word_1_55' title='bbox 698 849 742 889; x_wconf 94' lang='lat' dir='ltr'><strong>in</strong></span> <span class='ocrx_word' id='word_1_56' title='bbox 777 849 992 890; x_wconf 92' lang='lat' dir='ltr'><strong>Domibus</strong></span> <span class='ocrx_word' id='word_1_57' title='bbox 1031 849 1271 899; x_wconf 88' lang='lat' dir='ltr'><strong>Societatis,</strong></span> <span class='ocrx_word' id='word_1_58' title='bbox 1307 855 1356 889; x_wconf 92' lang='lat' dir='ltr'><strong>ut</strong></span> <span class='ocrx_word' id='word_1_59' title='bbox 1389 849 1441 890; x_wconf 92' lang='lat' dir='ltr'><strong>de</strong></span> <span class='ocrx_word' id='word_1_60' title='bbox 1477 849 1683 890; x_wconf 88' lang='lat' dir='ltr'><strong>Professis</strong></span> <span class='ocrx_word' id='word_1_61' title='bbox 1711 855 1776 891; x_wconf 87' lang='lat' dir='ltr'><strong>est</strong></span> 
     </span>
     <span class='ocr_line' id='line_1_10' title="bbox 411 914 1185 974; baseline 0 -11"><span class='ocrx_word' id='word_1_62' title='bbox 411 923 591 974; x_wconf 89' lang='lat' dir='ltr'><strong>dictum,</strong></span> <span class='ocrx_word' id='word_1_63' title='bbox 612 922 884 963; x_wconf 87' lang='lat' dir='ltr'><strong>habitabunt.</strong></span> <span class='ocrx_word' id='word_1_64' title='bbox 1182 914 1185 917; x_wconf 30' lang='grc' dir='ltr'>Ι</span> 
     </span>
    </p>

    <p class='ocr_par' dir='ltr' id='par_1_4' title="bbox 409 995 1779 2377">
     <span class='ocr_line' id='line_1_11' title="bbox 413 995 1777 1051; baseline -0.001 -13"><span class='ocrx_word' id='word_1_65' title='bbox 413 998 516 1038; x_wconf 93' lang='lat' dir='ltr'><strong>Non</strong></span> <span class='ocrx_word' id='word_1_66' title='bbox 539 997 676 1037; x_wconf 90' lang='lat' dir='ltr'><strong>solum</strong></span> <span class='ocrx_word' id='word_1_67' title='bbox 700 996 907 1046; x_wconf 87' lang='lat' dir='ltr'><strong>redditus,</strong></span> <span class='ocrx_word' id='word_1_68' title='bbox 932 997 1006 1036; x_wconf 91' lang='lat' dir='ltr'><strong>sed</strong></span> <span class='ocrx_word' id='word_1_69' title='bbox 1028 1011 1106 1036; x_wconf 91' lang='lat' dir='ltr'><strong>nec</strong></span> <span class='ocrx_word' id='word_1_70' title='bbox 1138 995 1431 1051; x_wconf 86' lang='lat' dir='ltr'><strong>possessiones</strong></span> <span class='ocrx_word' id='word_1_71' title='bbox 1462 995 1569 1036; x_wconf 89' lang='lat' dir='ltr'><strong>ullas</strong></span> <span class='ocrx_word' id='word_1_72' title='bbox 1591 995 1777 1037; x_wconf 88' lang='lat' dir='ltr'><strong>habeant</strong></span> 
     </span>
     <span class='ocr_line' id='line_1_12' title="bbox 409 1069 1775 1125; baseline -0.001 -14"><span class='ocrx_word' id='word_1_73' title='bbox 409 1071 452 1111; x_wconf 90' lang='lat' dir='ltr'><strong>in</strong></span> <span class='ocrx_word' id='word_1_74' title='bbox 494 1071 739 1125; x_wconf 84' lang='lat' dir='ltr'><strong>particulari</strong></span> <span class='ocrx_word' id='word_1_75' title='bbox 790 1085 868 1110; x_wconf 89' lang='lat' dir='ltr'><strong>nec</strong></span> <span class='ocrx_word' id='word_1_76' title='bbox 910 1070 953 1110; x_wconf 91' lang='lat' dir='ltr'><strong>in</strong></span> <span class='ocrx_word' id='word_1_77' title='bbox 996 1070 1215 1110; x_wconf 89' lang='lat' dir='ltr'><strong>communi</strong></span> <span class='ocrx_word' id='word_1_78' title='bbox 1252 1070 1420 1110; x_wconf 90' lang='lat' dir='ltr'><strong>Domus</strong></span> <span class='ocrx_word' id='word_1_79' title='bbox 1462 1069 1529 1110; x_wconf 80' lang='lat' dir='ltr'><strong>vel</strong></span> <span class='ocrx_word' id='word_1_80' title='bbox 1570 1069 1775 1110; x_wconf 86' lang='lat' dir='ltr'><strong>Ecclesiae</strong></span> 
     </span>
     <span class='ocr_line' id='line_1_13' title="bbox 413 1143 1774 1199; baseline -0.001 -14"><span class='ocrx_word' id='word_1_81' title='bbox 413 1145 653 1195; x_wconf 84' lang='lat' dir='ltr'><strong>Societatis,</strong></span> <span class='ocrx_word' id='word_1_82' title='bbox 676 1154 962 1199; x_wconf 73' lang='lat' dir='ltr'><strong>praeterquam</strong></span> <span class='ocrx_word' id='word_1_83' title='bbox 985 1145 1100 1198; x_wconf 88' lang='lat' dir='ltr'><strong>quod</strong></span> <span class='ocrx_word' id='word_1_84' title='bbox 1132 1145 1186 1184; x_wconf 90' lang='lat' dir='ltr'><strong>ad</strong></span> <span class='ocrx_word' id='word_1_85' title='bbox 1215 1143 1538 1194; x_wconf 79' lang='lat' dir='ltr'><strong>habitationem,</strong></span> <span class='ocrx_word' id='word_1_86' title='bbox 1559 1144 1627 1184; x_wconf 86' lang='lat' dir='ltr'><strong>vel</strong></span> <span class='ocrx_word' id='word_1_87' title='bbox 1647 1158 1774 1184; x_wconf 91' lang='lat' dir='ltr'><strong>usum</strong></span> 
     </span>
     <span class='ocr_line' id='line_1_14' title="bbox 413 1216 1775 1271; baseline -0.001 -13"><span class='ocrx_word' id='word_1_88' title='bbox 413 1218 700 1258; x_wconf 89' lang='lat' dir='ltr'><strong>necessarium</strong></span> <span class='ocrx_word' id='word_1_89' title='bbox 723 1217 797 1268; x_wconf 86' lang='lat' dir='ltr'><strong>eis,</strong></span> <span class='ocrx_word' id='word_1_90' title='bbox 821 1226 894 1257; x_wconf 89' lang='lat' dir='ltr'><strong>aut</strong></span> <span class='ocrx_word' id='word_1_91' title='bbox 915 1217 1036 1257; x_wconf 83' lang='lat' dir='ltr'><strong>valde</strong></span> <span class='ocrx_word' id='word_1_92' title='bbox 1059 1217 1318 1258; x_wconf 82' lang='lat' dir='ltr'><strong>conveniens</strong></span> <span class='ocrx_word' id='word_1_93' title='bbox 1350 1216 1502 1267; x_wconf 83' lang='lat' dir='ltr'><strong>fuerit3</strong></span> <span class='ocrx_word' id='word_1_94' title='bbox 1534 1216 1775 1271; x_wconf 88' lang='lat' dir='ltr'><strong>cujusmodi</strong></span> 
     </span>
     <span class='ocr_line' id='line_1_15' title="bbox 412 1291 1777 1345; baseline -0.001 -13"><span class='ocrx_word' id='word_1_95' title='bbox 412 1293 653 1342; x_wconf 85' lang='lat' dir='ltr'><strong>duceretur,</strong></span> <span class='ocrx_word' id='word_1_96' title='bbox 686 1292 720 1332; x_wconf 88' lang='lat' dir='ltr'><strong>si</strong></span> <span class='ocrx_word' id='word_1_97' title='bbox 751 1292 795 1331; x_wconf 93' lang='lat' dir='ltr'><strong>in</strong></span> <span class='ocrx_word' id='word_1_98' title='bbox 827 1307 953 1332; x_wconf 83' lang='lat' dir='ltr'><strong>usum</strong></span> <span class='ocrx_word' id='word_1_99' title='bbox 987 1291 1391 1341; x_wconf 77' lang='lat' dir='ltr'><strong>convalescentium,</strong></span> <span class='ocrx_word' id='word_1_100' title='bbox 1412 1291 1480 1331; x_wconf 77' lang='lat' dir='ltr'><strong>vel</strong></span> <span class='ocrx_word' id='word_1_101' title='bbox 1510 1305 1657 1331; x_wconf 90' lang='lat' dir='ltr'><strong>eorum</strong></span> <span class='ocrx_word' id='word_1_102' title='bbox 1688 1291 1777 1345; x_wconf 90' lang='lat' dir='ltr'><strong>qui,</strong></span> 
     </span>
     <span class='ocr_line' id='line_1_16' title="bbox 412 1363 1778 1420; baseline -0.001 -14"><span class='ocrx_word' id='word_1_103' title='bbox 412 1374 460 1406; x_wconf 87' lang='lat' dir='ltr'><strong>ut</strong></span> <span class='ocrx_word' id='word_1_104' title='bbox 481 1366 608 1406; x_wconf 89' lang='lat' dir='ltr'><strong>rebus</strong></span> <span class='ocrx_word' id='word_1_105' title='bbox 631 1365 924 1420; x_wconf 86' lang='lat' dir='ltr'><strong>spiritualibus</strong></span> <span class='ocrx_word' id='word_1_106' title='bbox 946 1373 1113 1415; x_wconf 66' lang='lat' dir='ltr'><strong>vacent,</strong></span> <span class='ocrx_word' id='word_1_107' title='bbox 1136 1379 1179 1405; x_wconf 89' lang='lat' dir='ltr'><strong>se</strong></span> <span class='ocrx_word' id='word_1_108' title='bbox 1202 1364 1255 1404; x_wconf 88' lang='lat' dir='ltr'><strong>ab</strong></span> <span class='ocrx_word' id='word_1_109' title='bbox 1282 1363 1508 1404; x_wconf 91' lang='lat' dir='ltr'><strong>hominum</strong></span> <span class='ocrx_word' id='word_1_110' title='bbox 1538 1364 1778 1418; x_wconf 84' lang='lat' dir='ltr'><strong>frequentia</strong></span> 
     </span>
     <span class='ocr_line' id='line_1_17' title="bbox 412 1438 1777 1495; baseline -0.001 -15"><span class='ocrx_word' id='word_1_111' title='bbox 412 1440 640 1495; x_wconf 88' lang='lat' dir='ltr'><strong>recipiunt,</strong></span> <span class='ocrx_word' id='word_1_112' title='bbox 656 1440 777 1481; x_wconf 88' lang='lat' dir='ltr'><strong>locus</strong></span> <span class='ocrx_word' id='word_1_113' title='bbox 799 1439 952 1493; x_wconf 87' lang='lat' dir='ltr'><strong>aliquis</strong></span> <span class='ocrx_word' id='word_1_114' title='bbox 975 1453 999 1479; x_wconf 93' lang='lat' dir='ltr'><strong>a</strong></span> <span class='ocrx_word' id='word_1_115' title='bbox 1020 1438 1239 1479; x_wconf 90' lang='lat' dir='ltr'><strong>communi</strong></span> <span class='ocrx_word' id='word_1_116' title='bbox 1259 1438 1524 1479; x_wconf 84' lang='lat' dir='ltr'><strong>habitatione</strong></span> <span class='ocrx_word' id='word_1_117' title='bbox 1542 1446 1777 1493; x_wconf 89' lang='lat' dir='ltr'><strong>separatus,</strong></span> 
     </span>
     <span class='ocr_line' id='line_1_18' title="bbox 410 1512 1779 1568; baseline -0.001 -13"><span class='ocrx_word' id='word_1_118' title='bbox 410 1515 483 1568; x_wconf 90' lang='lat' dir='ltr'><strong>qui</strong></span> <span class='ocrx_word' id='word_1_119' title='bbox 505 1529 598 1555; x_wconf 89' lang='lat' dir='ltr'><strong>aere</strong></span> <span class='ocrx_word' id='word_1_120' title='bbox 621 1514 859 1564; x_wconf 84' lang='lat' dir='ltr'><strong>salubriori,</strong></span> <span class='ocrx_word' id='word_1_121' title='bbox 881 1521 923 1554; x_wconf 88' lang='lat' dir='ltr'><strong>et</strong></span> <span class='ocrx_word' id='word_1_122' title='bbox 945 1513 1037 1554; x_wconf 87' lang='lat' dir='ltr'><strong>aliis</strong></span> <span class='ocrx_word' id='word_1_123' title='bbox 1061 1512 1297 1554; x_wconf 90' lang='lat' dir='ltr'><strong>commodis</strong></span> <span class='ocrx_word' id='word_1_124' title='bbox 1318 1513 1512 1567; x_wconf 89' lang='lat' dir='ltr'><strong>polleret,</strong></span> <span class='ocrx_word' id='word_1_125' title='bbox 1533 1513 1779 1554; x_wconf 88' lang='lat' dir='ltr'><strong>admittere-</strong></span> 
     </span>
     <span class='ocr_line' id='line_1_19' title="bbox 412 1587 1777 1642; baseline -0.001 -14"><span class='ocrx_word' id='word_1_126' title='bbox 412 1597 482 1628; x_wconf 91' lang='lat' dir='ltr'><strong>tur</strong></span> <span class='ocrx_word' id='word_1_127' title='bbox 499 1605 510 1639; x_wconf 84' lang='lat'>3</span> <span class='ocrx_word' id='word_1_128' title='bbox 542 1597 584 1629; x_wconf 91' lang='lat' dir='ltr'><strong>et</strong></span> <span class='ocrx_word' id='word_1_129' title='bbox 606 1596 711 1628; x_wconf 90' lang='lat' dir='ltr'><strong>tunc</strong></span> <span class='ocrx_word' id='word_1_130' title='bbox 732 1587 982 1642; x_wconf 85' lang='lat' dir='ltr'><strong>hujusmodi</strong></span> <span class='ocrx_word' id='word_1_131' title='bbox 1003 1587 1073 1627; x_wconf 92' lang='lat' dir='ltr'><strong>ille</strong></span> <span class='ocrx_word' id='word_1_132' title='bbox 1096 1587 1164 1637; x_wconf 88' lang='lat' dir='ltr'><strong>sit,</strong></span> <span class='ocrx_word' id='word_1_133' title='bbox 1185 1594 1235 1627; x_wconf 94' lang='lat' dir='ltr'><strong>ut</strong></span> <span class='ocrx_word' id='word_1_134' title='bbox 1265 1601 1344 1627; x_wconf 87' lang='lat' dir='ltr'><strong>nec</strong></span> <span class='ocrx_word' id='word_1_135' title='bbox 1376 1587 1468 1627; x_wconf 88' lang='lat' dir='ltr'><strong>aliis</strong></span> <span class='ocrx_word' id='word_1_136' title='bbox 1498 1587 1676 1638; x_wconf 91' lang='lat' dir='ltr'><strong>locetur,</strong></span> <span class='ocrx_word' id='word_1_137' title='bbox 1698 1601 1777 1627; x_wconf 90' lang='lat' dir='ltr'><strong>nec</strong></span> 
     </span>
     <span class='ocr_line' id='line_1_20' title="bbox 411 1661 1578 1716; baseline -0.002 -13"><span class='ocrx_word' id='word_1_138' title='bbox 411 1663 592 1713; x_wconf 90' lang='lat' dir='ltr'><strong>fructus,</strong></span> <span class='ocrx_word' id='word_1_139' title='bbox 614 1663 688 1716; x_wconf 90' lang='lat' dir='ltr'><strong>qui</strong></span> <span class='ocrx_word' id='word_1_140' title='bbox 709 1662 957 1702; x_wconf 87' lang='lat' dir='ltr'><strong>reddituum</strong></span> <span class='ocrx_word' id='word_1_141' title='bbox 977 1662 1071 1702; x_wconf 93' lang='lat' dir='ltr'><strong>loco</strong></span> <span class='ocrx_word' id='word_1_142' title='bbox 1094 1676 1184 1702; x_wconf 88' lang='lat' dir='ltr'><strong>esse</strong></span> <span class='ocrx_word' id='word_1_143' title='bbox 1206 1661 1389 1716; x_wconf 84' lang='lat' dir='ltr'><strong>possint,</strong></span> <span class='ocrx_word' id='word_1_144' title='bbox 1410 1661 1578 1702; x_wconf 87' lang='lat' dir='ltr'><strong>habeat.</strong></span> 
     </span>
     <span class='ocr_line' id='line_1_21' title="bbox 412 1734 1777 1790; baseline -0.002 -12"><span class='ocrx_word' id='word_1_145' title='bbox 412 1736 606 1779; x_wconf 62' lang='lat' dir='ltr'><strong>Quamvis</strong></span> <span class='ocrx_word' id='word_1_146' title='bbox 635 1737 689 1776; x_wconf 93' lang='lat' dir='ltr'><strong>ad</strong></span> <span class='ocrx_word' id='word_1_147' title='bbox 721 1736 834 1776; x_wconf 92' lang='lat' dir='ltr'><strong>bona</strong></span> <span class='ocrx_word' id='word_1_148' title='bbox 862 1743 904 1775; x_wconf 87' lang='lat' dir='ltr'><strong>et</strong></span> <span class='ocrx_word' id='word_1_149' title='bbox 936 1743 1083 1775; x_wconf 88' lang='lat' dir='ltr'><strong>sancta</strong></span> <span class='ocrx_word' id='word_1_150' title='bbox 1110 1749 1253 1790; x_wconf 90' lang='lat' dir='ltr'><strong>opera,</strong></span> <span class='ocrx_word' id='word_1_151' title='bbox 1280 1743 1323 1775; x_wconf 89' lang='lat' dir='ltr'><strong>et</strong></span> <span class='ocrx_word' id='word_1_152' title='bbox 1353 1734 1537 1775; x_wconf 76' lang='lat' dir='ltr'><strong>maxime</strong></span> <span class='ocrx_word' id='word_1_153' title='bbox 1567 1742 1777 1789; x_wconf 89' lang='lat' dir='ltr'><strong>perpetuo</strong></span> 
     </span>
     <span class='ocr_line' id='line_1_22' title="bbox 411 1807 1776 1862; baseline -0.001 -12"><span class='ocrx_word' id='word_1_154' title='bbox 411 1810 616 1850; x_wconf 89' lang='lat' dir='ltr'><strong>duratura</strong></span> <span class='ocrx_word' id='word_1_155' title='bbox 636 1809 812 1849; x_wconf 88' lang='lat' dir='ltr'><strong>incitare</strong></span> <span class='ocrx_word' id='word_1_156' title='bbox 834 1808 1045 1849; x_wconf 88' lang='lat' dir='ltr'><strong>laudabile</strong></span> <span class='ocrx_word' id='word_1_157' title='bbox 1068 1808 1137 1858; x_wconf 89' lang='lat' dir='ltr'><strong>sit,</strong></span> <span class='ocrx_word' id='word_1_158' title='bbox 1159 1808 1213 1849; x_wconf 93' lang='lat' dir='ltr'><strong>ob</strong></span> <span class='ocrx_word' id='word_1_159' title='bbox 1235 1807 1439 1862; x_wconf 89' lang='lat' dir='ltr'><strong>majorem</strong></span> <span class='ocrx_word' id='word_1_160' title='bbox 1471 1816 1616 1848; x_wconf 89' lang='lat' dir='ltr'><strong>tamen</strong></span> <span class='ocrx_word' id='word_1_161' title='bbox 1643 1808 1776 1849; x_wconf 84' lang='lat' dir='ltr'><strong>aedifi-</strong></span> 
     </span>
     <span class='ocr_line' id='line_1_23' title="bbox 410 1881 1776 1936; baseline -0.001 -12"><span class='ocrx_word' id='word_1_162' title='bbox 410 1883 622 1924; x_wconf 90' lang='lat' dir='ltr'><strong>cationem</strong></span> <span class='ocrx_word' id='word_1_163' title='bbox 656 1882 801 1923; x_wconf 93' lang='lat' dir='ltr'><strong>nullus</strong></span> <span class='ocrx_word' id='word_1_164' title='bbox 838 1882 889 1921; x_wconf 90' lang='lat' dir='ltr'><strong>de</strong></span> <span class='ocrx_word' id='word_1_165' title='bbox 928 1882 1139 1922; x_wconf 86' lang='lat' dir='ltr'><strong>Societate</strong></span> <span class='ocrx_word' id='word_1_166' title='bbox 1174 1881 1315 1932; x_wconf 89' lang='lat' dir='ltr'><strong>debet,</strong></span> <span class='ocrx_word' id='word_1_167' title='bbox 1348 1896 1427 1922; x_wconf 92' lang='lat' dir='ltr'><strong>nec</strong></span> <span class='ocrx_word' id='word_1_168' title='bbox 1463 1888 1606 1936; x_wconf 86' lang='lat' dir='ltr'><strong>potest</strong></span> <span class='ocrx_word' id='word_1_169' title='bbox 1641 1895 1776 1935; x_wconf 89' lang='lat' dir='ltr'><strong>quen-</strong></span> 
     </span>
     <span class='ocr_line' id='line_1_24' title="bbox 410 1953 1777 2011; baseline -0.001 -15"><span class='ocrx_word' id='word_1_170' title='bbox 410 1971 537 2011; x_wconf 88' lang='lat' dir='ltr'><strong>quam</strong></span> <span class='ocrx_word' id='word_1_171' title='bbox 561 1956 690 1996; x_wconf 88' lang='lat' dir='ltr'><strong>alium</strong></span> <span class='ocrx_word' id='word_1_172' title='bbox 713 1955 766 1995; x_wconf 92' lang='lat' dir='ltr'><strong>ad</strong></span> <span class='ocrx_word' id='word_1_173' title='bbox 782 1955 1074 2009; x_wconf 81' lang='lat' dir='ltr'><strong>eleemosynas</strong></span> <span class='ocrx_word' id='word_1_174' title='bbox 1094 1962 1325 2009; x_wconf 89' lang='lat' dir='ltr'><strong>perpetuas</strong></span> <span class='ocrx_word' id='word_1_175' title='bbox 1346 1953 1545 1995; x_wconf 90' lang='lat' dir='ltr'><strong>domibus</strong></span> <span class='ocrx_word' id='word_1_176' title='bbox 1560 1954 1628 1995; x_wconf 82' lang='lat' dir='ltr'><strong>vel</strong></span> <span class='ocrx_word' id='word_1_177' title='bbox 1644 1954 1777 1995; x_wconf 92' lang='lat' dir='ltr'><strong>eccle-</strong></span> 
     </span>
     <span class='ocr_line' id='line_1_25' title="bbox 411 2027 1777 2084; baseline -0.003 -13"><span class='ocrx_word' id='word_1_178' title='bbox 411 2031 482 2071; x_wconf 80' lang='lat' dir='ltr'><strong>siis</strong></span> <span class='ocrx_word' id='word_1_179' title='bbox 504 2030 697 2084; x_wconf 85' lang='lat' dir='ltr'><strong>ejusdem</strong></span> <span class='ocrx_word' id='word_1_180' title='bbox 718 2028 943 2070; x_wconf 89' lang='lat' dir='ltr'><strong>Societatis</strong></span> <span class='ocrx_word' id='word_1_181' title='bbox 964 2028 1266 2082; x_wconf 90' lang='lat' dir='ltr'><strong>relinquendas</strong></span> <span class='ocrx_word' id='word_1_182' title='bbox 1288 2027 1464 2068; x_wconf 90' lang='lat' dir='ltr'><strong>incitare</strong></span> <span class='ocrx_word' id='word_1_183' title='bbox 1484 2043 1493 2067; x_wconf 72' lang='grc' dir='ltr'><strong><em>ε</em></strong></span> <span class='ocrx_word' id='word_1_184' title='bbox 1526 2035 1568 2068; x_wconf 89' lang='lat' dir='ltr'><strong>et</strong></span> <span class='ocrx_word' id='word_1_185' title='bbox 1589 2027 1625 2068; x_wconf 84' lang='lat' dir='ltr'><strong>si</strong></span> <span class='ocrx_word' id='word_1_186' title='bbox 1646 2027 1777 2082; x_wconf 88' lang='lat' dir='ltr'><strong>aliqui</strong></span> 
     </span>
     <span class='ocr_line' id='line_1_26' title="bbox 412 2100 1777 2158; baseline -0.001 -14"><span class='ocrx_word' id='word_1_187' title='bbox 412 2109 564 2158; x_wconf 88' lang='lat' dir='ltr'><strong>sponte</strong></span> <span class='ocrx_word' id='word_1_188' title='bbox 597 2117 674 2143; x_wconf 90' lang='lat' dir='ltr'><strong>sua</strong></span> <span class='ocrx_word' id='word_1_189' title='bbox 704 2117 774 2143; x_wconf 88' lang='lat' dir='ltr'><strong>eas</strong></span> <span class='ocrx_word' id='word_1_190' title='bbox 804 2101 1093 2155; x_wconf 90' lang='lat' dir='ltr'><strong>relinquerent</strong></span> <span class='ocrx_word' id='word_1_191' title='bbox 1110 2119 1121 2152; x_wconf 83' lang='lat'><em>3</em></span> <span class='ocrx_word' id='word_1_192' title='bbox 1163 2101 1330 2141; x_wconf 90' lang='lat' dir='ltr'><strong>nullum</strong></span> <span class='ocrx_word' id='word_1_193' title='bbox 1367 2101 1440 2155; x_wconf 88' lang='lat' dir='ltr'><strong>jus</strong></span> <span class='ocrx_word' id='word_1_194' title='bbox 1471 2100 1592 2141; x_wconf 81' lang='lat' dir='ltr'><strong>civile</strong></span> <span class='ocrx_word' id='word_1_195' title='bbox 1621 2100 1676 2141; x_wconf 90' lang='lat' dir='ltr'><strong>ad</strong></span> <span class='ocrx_word' id='word_1_196' title='bbox 1706 2115 1777 2142; x_wconf 86' lang='lat' dir='ltr'><strong>eas</strong></span> 
     </span>
     <span class='ocr_line' id='line_1_27' title="bbox 411 2174 1776 2232; baseline -0.001 -15"><span class='ocrx_word' id='word_1_197' title='bbox 411 2177 620 2232; x_wconf 85' lang='lat' dir='ltr'><strong>petendas</strong></span> <span class='ocrx_word' id='word_1_198' title='bbox 642 2176 886 2230; x_wconf 83' lang='lat' dir='ltr'><strong>acquiratur</strong></span> <span class='ocrx_word' id='word_1_199' title='bbox 906 2175 979 2226; x_wconf 88' lang='lat' dir='ltr'><strong>ita,</strong></span> <span class='ocrx_word' id='word_1_200' title='bbox 1001 2183 1050 2215; x_wconf 88' lang='lat' dir='ltr'><strong>ut</strong></span> <span class='ocrx_word' id='word_1_201' title='bbox 1076 2175 1120 2215; x_wconf 91' lang='lat' dir='ltr'><strong>in</strong></span> <span class='ocrx_word' id='word_1_202' title='bbox 1145 2175 1310 2229; x_wconf 86' lang='lat' dir='ltr'><strong>judicio</strong></span> <span class='ocrx_word' id='word_1_203' title='bbox 1332 2174 1563 2226; x_wconf 83' lang='lat' dir='ltr'><strong>conveniri,</strong></span> <span class='ocrx_word' id='word_1_204' title='bbox 1584 2175 1659 2229; x_wconf 90' lang='lat' dir='ltr'><strong>qui</strong></span> <span class='ocrx_word' id='word_1_205' title='bbox 1688 2189 1776 2215; x_wconf 91' lang='lat' dir='ltr'><strong>non</strong></span> 
     </span>
     <span class='ocr_line' id='line_1_28' title="bbox 413 2248 1775 2305; baseline -0.002 -13"><span class='ocrx_word' id='word_1_206' title='bbox 413 2251 609 2301; x_wconf 80' lang='lat' dir='ltr'><strong>solveret,</strong></span> <span class='ocrx_word' id='word_1_207' title='bbox 630 2258 790 2305; x_wconf 90' lang='lat' dir='ltr'><strong>posset.</strong></span> <span class='ocrx_word' id='word_1_208' title='bbox 853 2249 939 2290; x_wconf 89' lang='lat' dir='ltr'><strong>Sed</strong></span> <span class='ocrx_word' id='word_1_209' title='bbox 961 2249 1058 2289; x_wconf 72' lang='lat' dir='ltr'><strong>cum</strong></span> <span class='ocrx_word' id='word_1_210' title='bbox 1081 2249 1134 2289; x_wconf 85' lang='lat' dir='ltr'><strong>ad</strong></span> <span class='ocrx_word' id='word_1_211' title='bbox 1164 2249 1208 2288; x_wconf 91' lang='lat' dir='ltr'><strong>id</strong></span> <span class='ocrx_word' id='word_1_212' title='bbox 1230 2249 1414 2289; x_wconf 89' lang='lat' dir='ltr'><strong>charitas</strong></span> <span class='ocrx_word' id='word_1_213' title='bbox 1435 2253 1612 2303; x_wconf 90' lang='lat' dir='ltr'><strong>propter</strong></span> <span class='ocrx_word' id='word_1_214' title='bbox 1631 2248 1775 2290; x_wconf 90' lang='lat' dir='ltr'><strong>Deum</strong></span> 
     </span>
     <span class='ocr_line' id='line_1_29' title="bbox 412 2322 1213 2377; baseline -0.004 -12"><span class='ocrx_word' id='word_1_215' title='bbox 412 2339 484 2365; x_wconf 91' lang='lat' dir='ltr'><strong>eos</strong></span> <span class='ocrx_word' id='word_1_216' title='bbox 505 2323 700 2374; x_wconf 78' lang='lat' dir='ltr'><strong>moverit,</strong></span> <span class='ocrx_word' id='word_1_217' title='bbox 721 2330 825 2363; x_wconf 89' lang='lat' dir='ltr'><strong>tunc</strong></span> <span class='ocrx_word' id='word_1_218' title='bbox 849 2337 918 2363; x_wconf 89' lang='lat' dir='ltr'><strong>eas</strong></span> <span class='ocrx_word' id='word_1_219' title='bbox 941 2322 1213 2377; x_wconf 86' lang='lat' dir='ltr'><strong>elargiantur.</strong></span> 
     </span>
    </p>

    <p class='ocr_par' dir='ltr' id='par_1_5' title="bbox 412 2394 1776 2821">
     <span class='ocr_line' id='line_1_30' title="bbox 413 2394 1775 2451; baseline -0.002 -13"><span class='ocrx_word' id='word_1_220' title='bbox 413 2397 593 2448; x_wconf 90' lang='lat' dir='ltr'><strong>Omnes,</strong></span> <span class='ocrx_word' id='word_1_221' title='bbox 616 2397 689 2451; x_wconf 90' lang='lat' dir='ltr'><strong>qui</strong></span> <span class='ocrx_word' id='word_1_222' title='bbox 715 2396 795 2437; x_wconf 88' lang='lat' dir='ltr'><strong>sub</strong></span> <span class='ocrx_word' id='word_1_223' title='bbox 819 2396 1078 2437; x_wconf 89' lang='lat' dir='ltr'><strong>Obedientia</strong></span> <span class='ocrx_word' id='word_1_224' title='bbox 1109 2403 1209 2435; x_wconf 90' lang='lat' dir='ltr'><strong>sunt</strong></span> <span class='ocrx_word' id='word_1_225' title='bbox 1233 2395 1472 2446; x_wconf 89' lang='lat' dir='ltr'><strong>Societatis,</strong></span> <span class='ocrx_word' id='word_1_226' title='bbox 1503 2394 1775 2436; x_wconf 89' lang='lat' dir='ltr'><strong>meminerint</strong></span> 
     </span>
     <span class='ocr_line' id='line_1_31' title="bbox 413 2469 1776 2526; baseline -0.002 -14"><span class='ocrx_word' id='word_1_227' title='bbox 413 2487 456 2513; x_wconf 89' lang='lat' dir='ltr'><strong>se</strong></span> <span class='ocrx_word' id='word_1_228' title='bbox 478 2471 610 2526; x_wconf 83' lang='lat' dir='ltr'><strong>gratis</strong></span> <span class='ocrx_word' id='word_1_229' title='bbox 632 2471 730 2511; x_wconf 88' lang='lat' dir='ltr'><strong>dare</strong></span> <span class='ocrx_word' id='word_1_230' title='bbox 753 2470 921 2521; x_wconf 88' lang='lat' dir='ltr'><strong>debere,</strong></span> <span class='ocrx_word' id='word_1_231' title='bbox 943 2484 1039 2525; x_wconf 81' lang='lat' dir='ltr'><strong>quae</strong></span> <span class='ocrx_word' id='word_1_232' title='bbox 1061 2469 1192 2524; x_wconf 84' lang='lat' dir='ltr'><strong>gratis</strong></span> <span class='ocrx_word' id='word_1_233' title='bbox 1225 2478 1496 2524; x_wconf 89' lang='lat' dir='ltr'><strong>acceperunt,</strong></span> <span class='ocrx_word' id='word_1_234' title='bbox 1518 2483 1597 2510; x_wconf 92' lang='lat' dir='ltr'><strong>nec</strong></span> <span class='ocrx_word' id='word_1_235' title='bbox 1626 2477 1776 2524; x_wconf 90' lang='lat' dir='ltr'><strong>postu-</strong></span> 
     </span>
     <span class='ocr_line' id='line_1_32' title="bbox 413 2541 1775 2598; baseline -0.002 -13"><span class='ocrx_word' id='word_1_236' title='bbox 413 2545 556 2596; x_wconf 87' lang='lat' dir='ltr'><strong>lando,</strong></span> <span class='ocrx_word' id='word_1_237' title='bbox 572 2559 649 2585; x_wconf 89' lang='lat' dir='ltr'><strong>nec</strong></span> <span class='ocrx_word' id='word_1_238' title='bbox 672 2543 938 2585; x_wconf 87' lang='lat' dir='ltr'><strong>admittendo</strong></span> <span class='ocrx_word' id='word_1_239' title='bbox 961 2543 1239 2598; x_wconf 85' lang='lat' dir='ltr'><strong>stipendium,</strong></span> <span class='ocrx_word' id='word_1_240' title='bbox 1253 2543 1320 2583; x_wconf 69' lang='lat' dir='ltr'><strong>vcl</strong></span> <span class='ocrx_word' id='word_1_241' title='bbox 1341 2543 1632 2597; x_wconf 83' lang='lat' dir='ltr'><strong>eleemosynas</strong></span> <span class='ocrx_word' id='word_1_242' title='bbox 1652 2541 1775 2592; x_wconf 89' lang='lat' dir='ltr'><strong>ullas,</strong></span> 
     </span>
     <span class='ocr_line' id='line_1_33' title="bbox 415 2614 1775 2672; baseline -0.002 -14"><span class='ocrx_word' id='word_1_243' title='bbox 415 2618 571 2672; x_wconf 85' lang='lat' dir='ltr'><strong>quibus</strong></span> <span class='ocrx_word' id='word_1_244' title='bbox 608 2618 764 2668; x_wconf 85' lang='lat' dir='ltr'><strong>missae,</strong></span> <span class='ocrx_word' id='word_1_245' title='bbox 797 2617 864 2658; x_wconf 82' lang='lat' dir='ltr'><strong>vel</strong></span> <span class='ocrx_word' id='word_1_246' title='bbox 900 2616 1203 2667; x_wconf 85' lang='lat' dir='ltr'><strong>confessiones,</strong></span> <span class='ocrx_word' id='word_1_247' title='bbox 1237 2616 1303 2656; x_wconf 87' lang='lat' dir='ltr'><strong>vel</strong></span> <span class='ocrx_word' id='word_1_248' title='bbox 1333 2615 1673 2671; x_wconf 68' lang='lat' dir='ltr'><strong>prfedicationes,</strong></span> <span class='ocrx_word' id='word_1_249' title='bbox 1709 2614 1775 2655; x_wconf 92' lang='lat' dir='ltr'><strong>vel</strong></span> 
     </span>
     <span class='ocr_line' id='line_1_34' title="bbox 414 2689 1775 2745; baseline -0.003 -13"><span class='ocrx_word' id='word_1_250' title='bbox 414 2692 632 2742; x_wconf 84' lang='lat' dir='ltr'><strong>lectiones,</strong></span> <span class='ocrx_word' id='word_1_251' title='bbox 653 2692 720 2732; x_wconf 85' lang='lat' dir='ltr'><strong>vel</strong></span> <span class='ocrx_word' id='word_1_252' title='bbox 750 2691 1029 2741; x_wconf 83' lang='lat' dir='ltr'><strong>visitationes,</strong></span> <span class='ocrx_word' id='word_1_253' title='bbox 1050 2690 1117 2731; x_wconf 84' lang='lat' dir='ltr'><strong>vel</strong></span> <span class='ocrx_word' id='word_1_254' title='bbox 1148 2691 1328 2745; x_wconf 69' lang='lat' dir='ltr'><strong>quodvis</strong></span> <span class='ocrx_word' id='word_1_255' title='bbox 1360 2690 1475 2730; x_wconf 85' lang='lat' dir='ltr'><strong>aliud</strong></span> <span class='ocrx_word' id='word_1_256' title='bbox 1505 2689 1692 2729; x_wconf 87' lang='lat' dir='ltr'><strong>officium</strong></span> <span class='ocrx_word' id='word_1_257' title='bbox 1723 2703 1775 2729; x_wconf 83' lang='lat' dir='ltr'><strong>ex</strong></span> 
     </span>
     <span class='ocr_line' id='line_1_35' title="bbox 412 2764 1774 2821; baseline -0.003 -14"><span class='ocrx_word' id='word_1_258' title='bbox 412 2766 478 2816; x_wconf 86' lang='lat' dir='ltr'><strong>iis,</strong></span> <span class='ocrx_word' id='word_1_259' title='bbox 520 2781 615 2821; x_wconf 80' lang='lat' dir='ltr'><strong>quae</strong></span> <span class='ocrx_word' id='word_1_260' title='bbox 660 2766 848 2807; x_wconf 83' lang='lat' dir='ltr'><strong>Societas</strong></span> <span class='ocrx_word' id='word_1_261' title='bbox 895 2765 1018 2821; x_wconf 86' lang='lat' dir='ltr'><strong>juxta</strong></span> <span class='ocrx_word' id='word_1_262' title='bbox 1056 2771 1249 2806; x_wconf 84' lang='lat' dir='ltr'><strong>nostrum</strong></span> <span class='ocrx_word' id='word_1_263' title='bbox 1289 2764 1545 2805; x_wconf 86' lang='lat' dir='ltr'><strong>Institutum</strong></span> <span class='ocrx_word' id='word_1_264' title='bbox 1582 2777 1774 2804; x_wconf 85' lang='lat' dir='ltr'><strong>exercere</strong></span> 
     </span>
    </p>
   </div>
  </div>
 </body>
</html>
