<?xml version="1.0" encoding="UTF-8"?>
<!DOCTYPE html PUBLIC "-//W3C//DTD XHTML 1.0 Transitional//EN"
    "http://www.w3.org/TR/xhtml1/DTD/xhtml1-transitional.dtd">
<html xmlns="http://www.w3.org/1999/xhtml" xml:lang="en" lang="en">
 <head>
  <title>
</title>
<meta http-equiv="Content-Type" content="text/html;charset=utf-8" />
  <meta name='ocr-system' content='tesseract 3.04.00' />
  <meta name='ocr-capabilities' content='ocr_page ocr_carea ocr_par ocr_line ocrx_word'/>
</head>
<body>
  <div class='ocr_page' id='page_1' title='image "./constitutionesso00jesuuoft_0101.png"; bbox 0 0 1987 3374; ppageno 0'>
   <div class='ocr_carea' id='block_1_1' title="bbox 196 459 222 495">
    <p class='ocr_par' dir='ltr' id='par_1_1' title="bbox 196 459 222 495">
     <span class='ocr_line' id='line_1_1' title="bbox 196 459 222 495; baseline 0 0"><span class='ocrx_word' id='word_1_1' title='bbox 196 459 222 495; x_wconf 91' lang='lat'>6</span> 
     </span>
    </p>
   </div>
   <div class='ocr_carea' id='block_1_2' title="bbox 203 904 226 951">
    <p class='ocr_par' dir='ltr' id='par_1_2' title="bbox 203 904 226 951">
     <span class='ocr_line' id='line_1_2' title="bbox 203 904 226 951; baseline 0 0"><span class='ocrx_word' id='word_1_2' title='bbox 203 904 226 951; x_wconf 92' lang='lat'><strong><em>7</em></strong></span> 
     </span>
    </p>
   </div>
   <div class='ocr_carea' id='block_1_3' title="bbox 200 1205 225 1242">
    <p class='ocr_par' dir='ltr' id='par_1_3' title="bbox 200 1205 225 1242">
     <span class='ocr_line' id='line_1_3' title="bbox 200 1205 225 1242; baseline 0 0"><span class='ocrx_word' id='word_1_3' title='bbox 200 1205 225 1242; x_wconf 91' lang='lat'>8</span> 
     </span>
    </p>
   </div>
   <div class='ocr_carea' id='block_1_4' title="bbox 175 2255 230 2292">
    <p class='ocr_par' dir='ltr' id='par_1_4' title="bbox 175 2255 230 2292">
     <span class='ocr_line' id='line_1_4' title="bbox 175 2255 230 2292; baseline 0.018 -1"><span class='ocrx_word' id='word_1_4' title='bbox 175 2255 230 2292; x_wconf 90' lang='grc'>10</span> 
     </span>
    </p>
   </div>
   <div class='ocr_carea' id='block_1_5' title="bbox 176 2480 225 2516">
    <p class='ocr_par' dir='ltr' id='par_1_5' title="bbox 176 2480 225 2516">
     <span class='ocr_line' id='line_1_5' title="bbox 176 2480 225 2516; baseline 0 0"><span class='ocrx_word' id='word_1_5' title='bbox 176 2480 225 2516; x_wconf 94' lang='grc'>11</span> 
     </span>
    </p>
   </div>
   <div class='ocr_carea' id='block_1_6' title="bbox 711 325 1635 367">
    <p class='ocr_par' dir='ltr' id='par_1_6' title="bbox 711 325 1635 367">
     <span class='ocr_line' id='line_1_6' title="bbox 711 325 1635 367; baseline -0.006 0"><span class='ocrx_word' id='word_1_6' title='bbox 711 340 832 367; x_wconf 76' lang='lat' dir='ltr'>PARS</span> <span class='ocrx_word' id='word_1_7' title='bbox 868 338 1097 366; x_wconf 78' lang='lat' dir='ltr'><strong>SEPTIMA.</strong></span> <span class='ocrx_word' id='word_1_8' title='bbox 1581 325 1635 362; x_wconf 82' lang='lat'>89</span> 
     </span>
    </p>
   </div>
   <div class='ocr_carea' id='block_1_7' title="bbox 247 445 1644 2825">
    <p class='ocr_par' dir='ltr' id='par_1_7' title="bbox 253 445 1640 868">
     <span class='ocr_line' id='line_1_7' title="bbox 256 445 1637 507; baseline -0.006 -14"><span class='ocrx_word' id='word_1_9' title='bbox 256 454 531 507; x_wconf 88' lang='lat' dir='ltr'>Proponatur</span> <span class='ocrx_word' id='word_1_10' title='bbox 562 450 743 491; x_wconf 87' lang='lat' dir='ltr'>verbum</span> <span class='ocrx_word' id='word_1_11' title='bbox 776 449 860 490; x_wconf 90' lang='lat' dir='ltr'>Dei</span> <span class='ocrx_word' id='word_1_12' title='bbox 891 448 1055 504; x_wconf 88' lang='lat' dir='ltr'>populo</span> <span class='ocrx_word' id='word_1_13' title='bbox 1088 446 1260 488; x_wconf 75' lang='lat' dir='ltr'>assidue</span> <span class='ocrx_word' id='word_1_14' title='bbox 1290 446 1336 486; x_wconf 90' lang='lat' dir='ltr'>in</span> <span class='ocrx_word' id='word_1_15' title='bbox 1365 445 1561 486; x_wconf 83' lang='lat' dir='ltr'>Ecclesia</span> <span class='ocrx_word' id='word_1_16' title='bbox 1591 445 1637 486; x_wconf 90' lang='lat' dir='ltr'>in</span> 
     </span>
     <span class='ocr_line' id='line_1_8' title="bbox 253 521 1638 578; baseline -0.006 -9"><span class='ocrx_word' id='word_1_17' title='bbox 253 526 550 578; x_wconf 91' lang='lat' dir='ltr'>concionibus,</span> <span class='ocrx_word' id='word_1_18' title='bbox 565 524 841 576; x_wconf 86' lang='lat' dir='ltr'>lectionibus,</span> <span class='ocrx_word' id='word_1_19' title='bbox 858 533 899 565; x_wconf 89' lang='lat' dir='ltr'>et</span> <span class='ocrx_word' id='word_1_20' title='bbox 916 524 961 564; x_wconf 90' lang='lat' dir='ltr'>in</span> <span class='ocrx_word' id='word_1_21' title='bbox 977 522 1226 565; x_wconf 89' lang='lat' dir='ltr'>Christiana</span> <span class='ocrx_word' id='word_1_22' title='bbox 1239 521 1436 563; x_wconf 88' lang='lat' dir='ltr'>doctrina</span> <span class='ocrx_word' id='word_1_23' title='bbox 1455 536 1535 576; x_wconf 89' lang='lat' dir='ltr'>per</span> <span class='ocrx_word' id='word_1_24' title='bbox 1552 535 1638 571; x_wconf 89' lang='lat' dir='ltr'>eos,</span> 
     </span>
     <span class='ocr_line' id='line_1_9' title="bbox 254 594 1640 657; baseline -0.006 -14"><span class='ocrx_word' id='word_1_25' title='bbox 254 617 364 657; x_wconf 93' lang='lat' dir='ltr'>quos</span> <span class='ocrx_word' id='word_1_26' title='bbox 388 601 595 656; x_wconf 84' lang='lat' dir='ltr'>Superior</span> <span class='ocrx_word' id='word_1_27' title='bbox 615 599 877 655; x_wconf 78' lang='lat' dir='ltr'>probaverit,</span> <span class='ocrx_word' id='word_1_28' title='bbox 901 607 943 640; x_wconf 92' lang='lat' dir='ltr'>et</span> <span class='ocrx_word' id='word_1_29' title='bbox 966 598 1020 639; x_wconf 90' lang='lat' dir='ltr'>ad</span> <span class='ocrx_word' id='word_1_30' title='bbox 1041 597 1126 639; x_wconf 88' lang='lat' dir='ltr'>tale</span> <span class='ocrx_word' id='word_1_31' title='bbox 1158 611 1321 638; x_wconf 89' lang='lat' dir='ltr'>munus</span> <span class='ocrx_word' id='word_1_32' title='bbox 1346 594 1640 645; x_wconf 80' lang='lat' dir='ltr'>destinaverit,</span> 
     </span>
     <span class='ocr_line' id='line_1_10' title="bbox 255 668 1638 732; baseline -0.006 -15"><span class='ocrx_word' id='word_1_33' title='bbox 255 682 299 717; x_wconf 89' lang='lat' dir='ltr'>et</span> <span class='ocrx_word' id='word_1_34' title='bbox 320 675 496 732; x_wconf 91' lang='lat' dir='ltr'>quidem</span> <span class='ocrx_word' id='word_1_35' title='bbox 518 675 570 716; x_wconf 90' lang='lat' dir='ltr'>iis</span> <span class='ocrx_word' id='word_1_36' title='bbox 593 674 878 730; x_wconf 79' lang='lat' dir='ltr'>temporibus,</span> <span class='ocrx_word' id='word_1_37' title='bbox 902 681 944 714; x_wconf 88' lang='lat' dir='ltr'>et</span> <span class='ocrx_word' id='word_1_38' title='bbox 976 673 1119 724; x_wconf 90' lang='lat' dir='ltr'>modo,</span> <span class='ocrx_word' id='word_1_39' title='bbox 1143 671 1219 727; x_wconf 88' lang='lat' dir='ltr'>qui</span> <span class='ocrx_word' id='word_1_40' title='bbox 1250 671 1389 712; x_wconf 89' lang='lat' dir='ltr'>eidem</span> <span class='ocrx_word' id='word_1_41' title='bbox 1421 670 1475 711; x_wconf 87' lang='lat' dir='ltr'>ad</span> <span class='ocrx_word' id='word_1_42' title='bbox 1506 668 1638 724; x_wconf 90' lang='lat' dir='ltr'>majo-</span> 
     </span>
     <span class='ocr_line' id='line_1_11' title="bbox 254 744 1640 806; baseline -0.004 -14"><span class='ocrx_word' id='word_1_43' title='bbox 254 766 347 792; x_wconf 86' lang='lat' dir='ltr'>rem</span> <span class='ocrx_word' id='word_1_44' title='bbox 384 750 469 792; x_wconf 91' lang='lat' dir='ltr'>Dei</span> <span class='ocrx_word' id='word_1_45' title='bbox 502 749 683 806; x_wconf 83' lang='lat' dir='ltr'>gloriam</span> <span class='ocrx_word' id='word_1_46' title='bbox 720 757 763 790; x_wconf 88' lang='lat' dir='ltr'>et</span> <span class='ocrx_word' id='word_1_47' title='bbox 797 749 1038 790; x_wconf 83' lang='lat' dir='ltr'>animarum</span> <span class='ocrx_word' id='word_1_48' title='bbox 1076 747 1407 789; x_wconf 60' lang='lat' dir='ltr'>aedificationem</span> <span class='ocrx_word' id='word_1_49' title='bbox 1441 744 1640 801; x_wconf 80' lang='lat' dir='ltr'>expedire</span> 
     </span>
     <span class='ocr_line' id='line_1_12' title="bbox 256 825 488 868; baseline -0.004 0"><span class='ocrx_word' id='word_1_50' title='bbox 256 825 488 868; x_wconf 91' lang='lat' dir='ltr'>videbitur.</span> 
     </span>
    </p>

    <p class='ocr_par' dir='ltr' id='par_1_8' title="bbox 255 895 1641 1180">
     <span class='ocr_line' id='line_1_13' title="bbox 260 895 1641 954; baseline -0.006 -11"><span class='ocrx_word' id='word_1_51' title='bbox 260 902 410 943; x_wconf 90' lang='lat' dir='ltr'>Potest</span> <span class='ocrx_word' id='word_1_52' title='bbox 432 901 488 941; x_wconf 92' lang='lat' dir='ltr'>ad</span> <span class='ocrx_word' id='word_1_53' title='bbox 516 900 599 941; x_wconf 88' lang='lat' dir='ltr'>hoc</span> <span class='ocrx_word' id='word_1_54' title='bbox 621 899 781 954; x_wconf 88' lang='lat' dir='ltr'>ipsum,</span> <span class='ocrx_word' id='word_1_55' title='bbox 814 898 933 953; x_wconf 91' lang='lat' dir='ltr'>quod</span> <span class='ocrx_word' id='word_1_56' title='bbox 965 897 1130 938; x_wconf 88' lang='lat' dir='ltr'>dictum</span> <span class='ocrx_word' id='word_1_57' title='bbox 1162 905 1227 938; x_wconf 89' lang='lat' dir='ltr'>est</span> <span class='ocrx_word' id='word_1_58' title='bbox 1259 904 1379 937; x_wconf 81' lang='lat' dir='ltr'>extra</span> <span class='ocrx_word' id='word_1_59' title='bbox 1400 895 1641 937; x_wconf 81' lang='lat' dir='ltr'>Ecclesiam</span> 
     </span>
     <span class='ocr_line' id='line_1_14' title="bbox 259 971 1641 1027; baseline -0.005 -10"><span class='ocrx_word' id='word_1_60' title='bbox 259 974 502 1027; x_wconf 89' lang='lat' dir='ltr'>Societatis‚</span> <span class='ocrx_word' id='word_1_61' title='bbox 536 973 629 1015; x_wconf 86' lang='lat' dir='ltr'>aliis</span> <span class='ocrx_word' id='word_1_62' title='bbox 665 974 710 1014; x_wconf 93' lang='lat' dir='ltr'>in</span> <span class='ocrx_word' id='word_1_63' title='bbox 745 972 967 1023; x_wconf 91' lang='lat' dir='ltr'>Ecclesiis,</span> <span class='ocrx_word' id='word_1_64' title='bbox 1003 973 1071 1012; x_wconf 82' lang='lat' dir='ltr'>vel</span> <span class='ocrx_word' id='word_1_65' title='bbox 1096 973 1270 1025; x_wconf 79' lang='lat' dir='ltr'>plateis,</span> <span class='ocrx_word' id='word_1_66' title='bbox 1310 972 1376 1011; x_wconf 82' lang='lat' dir='ltr'>vel</span> <span class='ocrx_word' id='word_1_67' title='bbox 1410 971 1507 1011; x_wconf 77' lang='lat' dir='ltr'>aliis</span> <span class='ocrx_word' id='word_1_68' title='bbox 1541 971 1641 1011; x_wconf 75' lang='lat' dir='ltr'>loeis</span> 
     </span>
     <span class='ocr_line' id='line_1_15' title="bbox 255 1043 1641 1106; baseline -0.004 -16"><span class='ocrx_word' id='word_1_69' title='bbox 255 1048 485 1106; x_wconf 85' lang='lat' dir='ltr'>praestari3</span> <span class='ocrx_word' id='word_1_70' title='bbox 529 1047 702 1103; x_wconf 90' lang='lat' dir='ltr'>quando</span> <span class='ocrx_word' id='word_1_71' title='bbox 737 1047 789 1098; x_wconf 91' lang='lat' dir='ltr'>ei,</span> <span class='ocrx_word' id='word_1_72' title='bbox 822 1046 896 1102; x_wconf 89' lang='lat' dir='ltr'>qui</span> <span class='ocrx_word' id='word_1_73' title='bbox 930 1045 1095 1088; x_wconf 82' lang='lat' dir='ltr'>caeteris</span> <span class='ocrx_word' id='word_1_74' title='bbox 1131 1053 1304 1101; x_wconf 87' lang='lat' dir='ltr'>praeest,</span> <span class='ocrx_word' id='word_1_75' title='bbox 1346 1044 1401 1085; x_wconf 90' lang='lat' dir='ltr'>ad</span> <span class='ocrx_word' id='word_1_76' title='bbox 1436 1043 1641 1099; x_wconf 86' lang='lat' dir='ltr'>majorem</span> 
     </span>
     <span class='ocr_line' id='line_1_16' title="bbox 257 1120 1015 1180; baseline -0.004 -14"><span class='ocrx_word' id='word_1_77' title='bbox 257 1124 343 1166; x_wconf 91' lang='lat' dir='ltr'>Dei</span> <span class='ocrx_word' id='word_1_78' title='bbox 364 1123 545 1180; x_wconf 86' lang='lat' dir='ltr'>gloriam</span> <span class='ocrx_word' id='word_1_79' title='bbox 568 1123 761 1164; x_wconf 86' lang='lat' dir='ltr'>conferre</span> <span class='ocrx_word' id='word_1_80' title='bbox 783 1120 1015 1163; x_wconf 82' lang='lat' dir='ltr'>videbitur.</span> 
     </span>
    </p>

    <p class='ocr_par' dir='ltr' id='par_1_9' title="bbox 256 1192 1644 2229">
     <span class='ocr_line' id='line_1_17' title="bbox 259 1192 1643 1253; baseline -0.006 -13"><span class='ocrx_word' id='word_1_81' title='bbox 259 1198 489 1241; x_wconf 82' lang='lat' dir='ltr'>curabunt</span> <span class='ocrx_word' id='word_1_82' title='bbox 522 1197 652 1239; x_wconf 87' lang='lat' dir='ltr'>etiam</span> <span class='ocrx_word' id='word_1_83' title='bbox 693 1196 896 1253; x_wconf 88' lang='lat' dir='ltr'>privatim</span> <span class='ocrx_word' id='word_1_84' title='bbox 931 1195 1180 1252; x_wconf 77' lang='lat' dir='ltr'>proximum</span> <span class='ocrx_word' id='word_1_85' title='bbox 1213 1194 1295 1250; x_wconf 91' lang='lat' dir='ltr'>piis</span> <span class='ocrx_word' id='word_1_86' title='bbox 1330 1192 1555 1248; x_wconf 85' lang='lat' dir='ltr'>colloquiis</span> <span class='ocrx_word' id='word_1_87' title='bbox 1589 1192 1643 1233; x_wconf 88' lang='lat' dir='ltr'>ad</span> 
     </span>
     <span class='ocr_line' id='line_1_18' title="bbox 256 1267 1643 1328; baseline -0.006 -13"><span class='ocrx_word' id='word_1_88' title='bbox 256 1274 435 1315; x_wconf 84' lang='lat' dir='ltr'>meliora</span> <span class='ocrx_word' id='word_1_89' title='bbox 455 1287 707 1328; x_wconf 82' lang='lat' dir='ltr'>promovere</span> <span class='ocrx_word' id='word_1_90' title='bbox 731 1281 825 1313; x_wconf 87' lang='lat' dir='ltr'>tum</span> <span class='ocrx_word' id='word_1_91' title='bbox 848 1271 1042 1322; x_wconf 89' lang='lat' dir='ltr'>consilio,</span> <span class='ocrx_word' id='word_1_92' title='bbox 1065 1278 1108 1311; x_wconf 89' lang='lat' dir='ltr'>et</span> <span class='ocrx_word' id='word_1_93' title='bbox 1131 1268 1429 1311; x_wconf 83' lang='lat' dir='ltr'>exhortatione</span> <span class='ocrx_word' id='word_1_94' title='bbox 1452 1268 1507 1308; x_wconf 90' lang='lat' dir='ltr'>ad</span> <span class='ocrx_word' id='word_1_95' title='bbox 1527 1267 1643 1308; x_wconf 91' lang='lat' dir='ltr'>bona</span> 
     </span>
     <span class='ocr_line' id='line_1_19' title="bbox 257 1343 1480 1405; baseline -0.006 -14"><span class='ocrx_word' id='word_1_96' title='bbox 257 1363 402 1405; x_wconf 88' lang='lat' dir='ltr'>opera,</span> <span class='ocrx_word' id='word_1_97' title='bbox 423 1357 518 1389; x_wconf 90' lang='lat' dir='ltr'>tum</span> <span class='ocrx_word' id='word_1_98' title='bbox 540 1347 669 1389; x_wconf 89' lang='lat' dir='ltr'>etiam</span> <span class='ocrx_word' id='word_1_99' title='bbox 692 1346 913 1388; x_wconf 86' lang='lat' dir='ltr'>tradendis</span> <span class='ocrx_word' id='word_1_100' title='bbox 937 1345 1232 1401; x_wconf 83' lang='lat' dir='ltr'>spiritualibus</span> <span class='ocrx_word' id='word_1_101' title='bbox 1255 1343 1480 1385; x_wconf 78' lang='lat' dir='ltr'>exercitiis.</span> 
     </span>
     <span class='ocr_line' id='line_1_20' title="bbox 260 1416 1643 1480; baseline -0.006 -15"><span class='ocrx_word' id='word_1_102' title='bbox 260 1423 570 1480; x_wconf 88' lang='lat' dir='ltr'>Corporalibus</span> <span class='ocrx_word' id='word_1_103' title='bbox 602 1422 732 1463; x_wconf 88' lang='lat' dir='ltr'>etiam</span> <span class='ocrx_word' id='word_1_104' title='bbox 764 1421 938 1477; x_wconf 86' lang='lat' dir='ltr'>pietatis</span> <span class='ocrx_word' id='word_1_105' title='bbox 970 1420 1188 1476; x_wconf 74' lang='lat' dir='ltr'>operibus,</span> <span class='ocrx_word' id='word_1_106' title='bbox 1220 1427 1434 1474; x_wconf 90' lang='lat' dir='ltr'>quantum</span> <span class='ocrx_word' id='word_1_107' title='bbox 1467 1416 1643 1472; x_wconf 86' lang='lat' dir='ltr'>spiritu-</span> 
     </span>
     <span class='ocr_line' id='line_1_21' title="bbox 262 1495 1642 1554; baseline -0.006 -14"><span class='ocrx_word' id='word_1_108' title='bbox 262 1499 357 1551; x_wconf 86' lang='lat' dir='ltr'>alia,</span> <span class='ocrx_word' id='word_1_109' title='bbox 379 1514 476 1554; x_wconf 86' lang='lat' dir='ltr'>quae</span> <span class='ocrx_word' id='word_1_110' title='bbox 498 1497 672 1553; x_wconf 87' lang='lat' dir='ltr'>majoris</span> <span class='ocrx_word' id='word_1_111' title='bbox 695 1503 798 1538; x_wconf 88' lang='lat' dir='ltr'>sunt</span> <span class='ocrx_word' id='word_1_112' title='bbox 819 1495 1043 1547; x_wconf 87' lang='lat' dir='ltr'>momenti,</span> <span class='ocrx_word' id='word_1_113' title='bbox 1056 1495 1326 1551; x_wconf 82' lang='lat' dir='ltr'>permittent,</span> <span class='ocrx_word' id='word_1_114' title='bbox 1344 1499 1642 1549; x_wconf 87' lang='lat' dir='ltr'>quantumque</span> 
     </span>
     <span class='ocr_line' id='line_1_22' title="bbox 259 1567 1644 1630; baseline -0.006 -13"><span class='ocrx_word' id='word_1_115' title='bbox 259 1575 371 1617; x_wconf 90' lang='lat' dir='ltr'>vires</span> <span class='ocrx_word' id='word_1_116' title='bbox 412 1574 650 1630; x_wconf 88' lang='lat' dir='ltr'>patientur,</span> <span class='ocrx_word' id='word_1_117' title='bbox 691 1572 980 1623; x_wconf 83' lang='lat' dir='ltr'>incumbent3</span> <span class='ocrx_word' id='word_1_118' title='bbox 1028 1579 1077 1612; x_wconf 90' lang='lat' dir='ltr'>ut</span> <span class='ocrx_word' id='word_1_119' title='bbox 1110 1571 1156 1611; x_wconf 87' lang='lat' dir='ltr'>in</span> <span class='ocrx_word' id='word_1_120' title='bbox 1198 1570 1381 1612; x_wconf 86' lang='lat' dir='ltr'>infirmis</span> <span class='ocrx_word' id='word_1_121' title='bbox 1422 1567 1644 1625; x_wconf 83' lang='lat' dir='ltr'>juvandis,</span> 
     </span>
     <span class='ocr_line' id='line_1_23' title="bbox 259 1641 1644 1705; baseline -0.005 -15"><span class='ocrx_word' id='word_1_122' title='bbox 259 1649 478 1705; x_wconf 89' lang='lat' dir='ltr'>praecipue</span> <span class='ocrx_word' id='word_1_123' title='bbox 507 1648 553 1688; x_wconf 92' lang='lat' dir='ltr'>in</span> <span class='ocrx_word' id='word_1_124' title='bbox 578 1646 874 1698; x_wconf 77' lang='lat' dir='ltr'>xenodochiis,</span> <span class='ocrx_word' id='word_1_125' title='bbox 904 1661 976 1687; x_wconf 94' lang='lat' dir='ltr'>eos</span> <span class='ocrx_word' id='word_1_126' title='bbox 1007 1646 1248 1696; x_wconf 83' lang='lat' dir='ltr'>invisendo,</span> <span class='ocrx_word' id='word_1_127' title='bbox 1280 1653 1322 1686; x_wconf 92' lang='lat' dir='ltr'>et</span> <span class='ocrx_word' id='word_1_128' title='bbox 1355 1644 1536 1698; x_wconf 89' lang='lat' dir='ltr'>aliquos,</span> <span class='ocrx_word' id='word_1_129' title='bbox 1569 1641 1644 1697; x_wconf 89' lang='lat' dir='ltr'>qui</span> 
     </span>
     <span class='ocr_line' id='line_1_24' title="bbox 259 1717 1643 1773; baseline -0.006 -8"><span class='ocrx_word' id='word_1_130' title='bbox 259 1723 320 1765; x_wconf 91' lang='lat' dir='ltr'>eis</span> <span class='ocrx_word' id='word_1_131' title='bbox 351 1722 602 1773; x_wconf 87' lang='lat' dir='ltr'>inserviant,</span> <span class='ocrx_word' id='word_1_132' title='bbox 633 1721 874 1772; x_wconf 83' lang='lat' dir='ltr'>mittend03</span> <span class='ocrx_word' id='word_1_133' title='bbox 918 1729 959 1762; x_wconf 92' lang='lat' dir='ltr'>et</span> <span class='ocrx_word' id='word_1_134' title='bbox 991 1720 1249 1761; x_wconf 90' lang='lat' dir='ltr'>dissidentes</span> <span class='ocrx_word' id='word_1_135' title='bbox 1283 1719 1337 1759; x_wconf 89' lang='lat' dir='ltr'>ad</span> <span class='ocrx_word' id='word_1_136' title='bbox 1369 1717 1643 1760; x_wconf 88' lang='lat' dir='ltr'>concordiam</span> 
     </span>
     <span class='ocr_line' id='line_1_25' title="bbox 258 1792 1643 1852; baseline -0.006 -12"><span class='ocrx_word' id='word_1_137' title='bbox 258 1797 526 1849; x_wconf 86' lang='lat' dir='ltr'>revocand03</span> <span class='ocrx_word' id='word_1_138' title='bbox 566 1796 626 1838; x_wconf 88' lang='lat' dir='ltr'>sic</span> <span class='ocrx_word' id='word_1_139' title='bbox 649 1796 778 1837; x_wconf 91' lang='lat' dir='ltr'>etiam</span> <span class='ocrx_word' id='word_1_140' title='bbox 810 1811 1038 1852; x_wconf 85' lang='lat' dir='ltr'>pauperes,</span> <span class='ocrx_word' id='word_1_141' title='bbox 1061 1810 1108 1836; x_wconf 84' lang='lat' dir='ltr'>ac</span> <span class='ocrx_word' id='word_1_142' title='bbox 1139 1795 1185 1835; x_wconf 89' lang='lat' dir='ltr'>in</span> <span class='ocrx_word' id='word_1_143' title='bbox 1217 1793 1424 1835; x_wconf 87' lang='lat' dir='ltr'>custodiis</span> <span class='ocrx_word' id='word_1_144' title='bbox 1456 1792 1643 1849; x_wconf 85' lang='lat' dir='ltr'>publicis</span> 
     </span>
     <span class='ocr_line' id='line_1_26' title="bbox 259 1868 1642 1928; baseline -0.005 -12"><span class='ocrx_word' id='word_1_145' title='bbox 259 1876 475 1925; x_wconf 82' lang='lat' dir='ltr'>detentos,</span> <span class='ocrx_word' id='word_1_146' title='bbox 507 1871 745 1928; x_wconf 85' lang='lat' dir='ltr'>quoadejus</span> <span class='ocrx_word' id='word_1_147' title='bbox 775 1871 868 1912; x_wconf 90' lang='lat' dir='ltr'>fieri</span> <span class='ocrx_word' id='word_1_148' title='bbox 895 1871 1069 1927; x_wconf 88' lang='lat' dir='ltr'>poterit,</span> <span class='ocrx_word' id='word_1_149' title='bbox 1101 1886 1178 1926; x_wconf 87' lang='lat' dir='ltr'>per</span> <span class='ocrx_word' id='word_1_150' title='bbox 1211 1885 1254 1912; x_wconf 91' lang='lat' dir='ltr'>se</span> <span class='ocrx_word' id='word_1_151' title='bbox 1286 1868 1567 1919; x_wconf 79' lang='lat' dir='ltr'>sublevando,</span> <span class='ocrx_word' id='word_1_152' title='bbox 1600 1876 1642 1909; x_wconf 89' lang='lat' dir='ltr'>et</span> 
     </span>
     <span class='ocr_line' id='line_1_27' title="bbox 258 1945 1643 1998; baseline -0.006 -8"><span class='ocrx_word' id='word_1_153' title='bbox 258 1957 308 1990; x_wconf 92' lang='lat' dir='ltr'>ut</span> <span class='ocrx_word' id='word_1_154' title='bbox 351 1948 422 1989; x_wconf 89' lang='lat' dir='ltr'>alii</span> <span class='ocrx_word' id='word_1_155' title='bbox 463 1947 704 1998; x_wconf 87' lang='lat' dir='ltr'>sublevent,</span> <span class='ocrx_word' id='word_1_156' title='bbox 753 1947 958 1988; x_wconf 88' lang='lat' dir='ltr'>curando.</span> <span class='ocrx_word' id='word_1_157' title='bbox 1021 1945 1234 1986; x_wconf 88' lang='lat' dir='ltr'>Metiatur</span> <span class='ocrx_word' id='word_1_158' title='bbox 1284 1952 1430 1985; x_wconf 89' lang='lat' dir='ltr'>autem</span> <span class='ocrx_word' id='word_1_159' title='bbox 1472 1949 1643 1998; x_wconf 88' lang='lat' dir='ltr'>oportet</span> 
     </span>
     <span class='ocr_line' id='line_1_28' title="bbox 261 2018 1640 2078; baseline -0.004 -14"><span class='ocrx_word' id='word_1_160' title='bbox 261 2022 490 2078; x_wconf 82' lang='lat' dir='ltr'>Praepositi</span> <span class='ocrx_word' id='word_1_161' title='bbox 510 2021 743 2078; x_wconf 83' lang='lat' dir='ltr'>prudentia</span> <span class='ocrx_word' id='word_1_162' title='bbox 763 2021 852 2076; x_wconf 89' lang='lat' dir='ltr'>(qui</span> <span class='ocrx_word' id='word_1_163' title='bbox 874 2020 1013 2075; x_wconf 87' lang='lat' dir='ltr'>majus</span> <span class='ocrx_word' id='word_1_164' title='bbox 1031 2020 1115 2061; x_wconf 90' lang='lat' dir='ltr'>Dei</span> <span class='ocrx_word' id='word_1_165' title='bbox 1132 2019 1388 2074; x_wconf 91' lang='lat' dir='ltr'>obsequium</span> <span class='ocrx_word' id='word_1_166' title='bbox 1406 2033 1454 2059; x_wconf 91' lang='lat' dir='ltr'>ac</span> <span class='ocrx_word' id='word_1_167' title='bbox 1475 2018 1640 2058; x_wconf 88' lang='lat' dir='ltr'>bonum</span> 
     </span>
     <span class='ocr_line' id='line_1_29' title="bbox 259 2092 1641 2152; baseline -0.004 -13"><span class='ocrx_word' id='word_1_168' title='bbox 259 2097 501 2139; x_wconf 84' lang='lat' dir='ltr'>universale</span> <span class='ocrx_word' id='word_1_169' title='bbox 534 2111 704 2152; x_wconf 89' lang='lat' dir='ltr'>semper</span> <span class='ocrx_word' id='word_1_170' title='bbox 725 2096 779 2137; x_wconf 94' lang='lat' dir='ltr'>ob</span> <span class='ocrx_word' id='word_1_171' title='bbox 803 2096 949 2137; x_wconf 90' lang='lat' dir='ltr'>oculos</span> <span class='ocrx_word' id='word_1_172' title='bbox 982 2095 1063 2136; x_wconf 91' lang='lat' dir='ltr'>sibi</span> <span class='ocrx_word' id='word_1_173' title='bbox 1094 2096 1323 2150; x_wconf 85' lang='lat' dir='ltr'>proponet)</span> <span class='ocrx_word' id='word_1_174' title='bbox 1351 2101 1564 2149; x_wconf 90' lang='lat' dir='ltr'>quantum</span> <span class='ocrx_word' id='word_1_175' title='bbox 1596 2092 1641 2133; x_wconf 91' lang='lat' dir='ltr'>in</span> 
     </span>
     <span class='ocr_line' id='line_1_30' title="bbox 260 2170 1194 2229; baseline -0.005 -14"><span class='ocrx_word' id='word_1_176' title='bbox 260 2172 514 2229; x_wconf 88' lang='lat' dir='ltr'>hujusmodi</span> <span class='ocrx_word' id='word_1_177' title='bbox 534 2171 664 2213; x_wconf 90' lang='lat' dir='ltr'>rebus</span> <span class='ocrx_word' id='word_1_178' title='bbox 686 2186 828 2227; x_wconf 85' lang='lat' dir='ltr'>operae</span> <span class='ocrx_word' id='word_1_179' title='bbox 852 2171 906 2212; x_wconf 89' lang='lat' dir='ltr'>sit</span> <span class='ocrx_word' id='word_1_180' title='bbox 928 2170 1194 2226; x_wconf 90' lang='lat' dir='ltr'>ponendum.</span> 
     </span>
    </p>

    <p class='ocr_par' dir='ltr' id='par_1_10' title="bbox 259 2245 1642 2454">
     <span class='ocr_line' id='line_1_31' title="bbox 262 2245 1642 2304; baseline -0.003 -14"><span class='ocrx_word' id='word_1_181' title='bbox 262 2249 317 2291; x_wconf 94' lang='lat' dir='ltr'>In</span> <span class='ocrx_word' id='word_1_182' title='bbox 341 2248 560 2304; x_wconf 84' lang='lat' dir='ltr'>Collegiis,</span> <span class='ocrx_word' id='word_1_183' title='bbox 583 2256 625 2288; x_wconf 91' lang='lat' dir='ltr'>et</span> <span class='ocrx_word' id='word_1_184' title='bbox 647 2262 795 2289; x_wconf 89' lang='lat' dir='ltr'>eorum</span> <span class='ocrx_word' id='word_1_185' title='bbox 818 2246 1024 2288; x_wconf 88' lang='lat' dir='ltr'>Ecclesiis</span> <span class='ocrx_word' id='word_1_186' title='bbox 1046 2247 1122 2288; x_wconf 91' lang='lat' dir='ltr'>fiet</span> <span class='ocrx_word' id='word_1_187' title='bbox 1143 2262 1195 2287; x_wconf 81' lang='lat' dir='ltr'>ex</span> <span class='ocrx_word' id='word_1_188' title='bbox 1215 2246 1282 2298; x_wconf 90' lang='lat' dir='ltr'>iis,</span> <span class='ocrx_word' id='word_1_189' title='bbox 1305 2261 1401 2301; x_wconf 81' lang='lat' dir='ltr'>quae</span> <span class='ocrx_word' id='word_1_190' title='bbox 1425 2246 1476 2287; x_wconf 92' lang='lat' dir='ltr'>de</span> <span class='ocrx_word' id='word_1_191' title='bbox 1505 2245 1642 2286; x_wconf 87' lang='lat' dir='ltr'>domi-</span> 
     </span>
     <span class='ocr_line' id='line_1_32' title="bbox 259 2321 1639 2377; baseline -0.003 -13"><span class='ocrx_word' id='word_1_192' title='bbox 259 2324 343 2365; x_wconf 91' lang='lat' dir='ltr'>bus</span> <span class='ocrx_word' id='word_1_193' title='bbox 376 2323 491 2364; x_wconf 82' lang='lat' dir='ltr'>dicta</span> <span class='ocrx_word' id='word_1_194' title='bbox 527 2327 644 2374; x_wconf 89' lang='lat' dir='ltr'>sunt,</span> <span class='ocrx_word' id='word_1_195' title='bbox 676 2322 793 2377; x_wconf 92' lang='lat' dir='ltr'>quod</span> <span class='ocrx_word' id='word_1_196' title='bbox 829 2321 921 2362; x_wconf 89' lang='lat' dir='ltr'>fieri</span> <span class='ocrx_word' id='word_1_197' title='bbox 952 2321 1139 2377; x_wconf 81' lang='lat' dir='ltr'>poterit3</span> <span class='ocrx_word' id='word_1_198' title='bbox 1180 2330 1310 2376; x_wconf 90' lang='lat' dir='ltr'>prout</span> <span class='ocrx_word' id='word_1_199' title='bbox 1342 2328 1639 2376; x_wconf 89' lang='lat' dir='ltr'>opportunum</span> 
     </span>
     <span class='ocr_line' id='line_1_33' title="bbox 259 2396 1469 2454; baseline -0.003 -14"><span class='ocrx_word' id='word_1_200' title='bbox 259 2398 404 2451; x_wconf 88' lang='lat' dir='ltr'>fuerit,</span> <span class='ocrx_word' id='word_1_201' title='bbox 428 2398 557 2454; x_wconf 83' lang='lat' dir='ltr'>juxta</span> <span class='ocrx_word' id='word_1_202' title='bbox 580 2397 822 2454; x_wconf 87' lang='lat' dir='ltr'>Superioris</span> <span class='ocrx_word' id='word_1_203' title='bbox 849 2398 914 2452; x_wconf 88' lang='lat' dir='ltr'>(ut</span> <span class='ocrx_word' id='word_1_204' title='bbox 935 2397 1100 2438; x_wconf 90' lang='lat' dir='ltr'>dictum</span> <span class='ocrx_word' id='word_1_205' title='bbox 1124 2398 1203 2449; x_wconf 88' lang='lat' dir='ltr'>est)</span> <span class='ocrx_word' id='word_1_206' title='bbox 1230 2396 1469 2437; x_wconf 84' lang='lat' dir='ltr'>arbitrium.</span> 
     </span>
    </p>

    <p class='ocr_par' dir='ltr' id='par_1_11' title="bbox 247 2470 1636 2825">
     <span class='ocr_line' id='line_1_34' title="bbox 264 2470 1635 2527; baseline -0.004 -11"><span class='ocrx_word' id='word_1_207' title='bbox 264 2474 345 2521; x_wconf 74' lang='lat' dir='ltr'>Qui</span> <span class='ocrx_word' id='word_1_208' title='bbox 372 2475 528 2515; x_wconf 83' lang='lat' dir='ltr'>talento</span> <span class='ocrx_word' id='word_1_209' title='bbox 557 2475 758 2527; x_wconf 68' lang='lat' dir='ltr'>praeditus</span> <span class='ocrx_word' id='word_1_210' title='bbox 789 2474 846 2514; x_wconf 84' lang='lat' dir='ltr'>ad</span> <span class='ocrx_word' id='word_1_211' title='bbox 873 2472 1110 2513; x_wconf 77' lang='lat' dir='ltr'>scribendos</span> <span class='ocrx_word' id='word_1_212' title='bbox 1142 2472 1269 2512; x_wconf 75' lang='lat' dir='ltr'>libros</span> <span class='ocrx_word' id='word_1_213' title='bbox 1300 2471 1502 2512; x_wconf 72' lang='lat' dir='ltr'>communi</span> <span class='ocrx_word' id='word_1_214' title='bbox 1535 2470 1635 2510; x_wconf 83' lang='lat' dir='ltr'>bono</span> 
     </span>
     <span class='ocr_line' id='line_1_35' title="bbox 258 2545 1633 2600; baseline -0.004 -10"><span class='ocrx_word' id='word_1_215' title='bbox 258 2550 398 2600; x_wconf 77' lang='lat' dir='ltr'>utiles,</span> <span class='ocrx_word' id='word_1_216' title='bbox 435 2562 502 2590; x_wconf 77' lang='lat' dir='ltr'>eos</span> <span class='ocrx_word' id='word_1_217' title='bbox 538 2548 828 2598; x_wconf 76' lang='lat' dir='ltr'>conscriberet,</span> <span class='ocrx_word' id='word_1_218' title='bbox 862 2548 906 2588; x_wconf 76' lang='lat' dir='ltr'>in</span> <span class='ocrx_word' id='word_1_219' title='bbox 944 2548 1086 2597; x_wconf 77' lang='lat' dir='ltr'>lucem,</span> <span class='ocrx_word' id='word_1_220' title='bbox 1122 2547 1242 2587; x_wconf 80' lang='lat' dir='ltr'>edere</span> <span class='ocrx_word' id='word_1_221' title='bbox 1279 2559 1359 2586; x_wconf 85' lang='lat' dir='ltr'>non</span> <span class='ocrx_word' id='word_1_222' title='bbox 1390 2545 1521 2595; x_wconf 79' lang='lat' dir='ltr'>debet,</span> <span class='ocrx_word' id='word_1_223' title='bbox 1552 2545 1633 2584; x_wconf 76' lang='lat' dir='ltr'>nisi</span> 
     </span>
     <span class='ocr_line' id='line_1_36' title="bbox 251 2619 1633 2678; baseline -0.004 -14"><span class='ocrx_word' id='word_1_224' title='bbox 251 2625 378 2678; x_wconf 77' lang='lat' dir='ltr'>prius</span> <span class='ocrx_word' id='word_1_225' title='bbox 408 2624 666 2676; x_wconf 75' lang='lat' dir='ltr'>Proepositus</span> <span class='ocrx_word' id='word_1_226' title='bbox 691 2623 909 2663; x_wconf 78' lang='lat' dir='ltr'>Generalis</span> <span class='ocrx_word' id='word_1_227' title='bbox 941 2636 1008 2662; x_wconf 79' lang='lat' dir='ltr'>eos</span> <span class='ocrx_word' id='word_1_228' title='bbox 1038 2622 1192 2671; x_wconf 66' lang='lat' dir='ltr'>videat,</span> <span class='ocrx_word' id='word_1_229' title='bbox 1225 2624 1265 2660; x_wconf 82' lang='lat' dir='ltr'>et</span> <span class='ocrx_word' id='word_1_230' title='bbox 1297 2621 1474 2660; x_wconf 79' lang='lat' dir='ltr'>aliorum</span> <span class='ocrx_word' id='word_1_231' title='bbox 1506 2619 1633 2659; x_wconf 80' lang='lat' dir='ltr'>etiam</span> 
     </span>
     <span class='ocr_line' id='line_1_37' title="bbox 247 2693 1636 2752; baseline -0.004 -13"><span class='ocrx_word' id='word_1_232' title='bbox 247 2699 413 2752; x_wconf 81' lang='lat' dir='ltr'>judicio</span> <span class='ocrx_word' id='word_1_233' title='bbox 436 2701 477 2738; x_wconf 85' lang='lat' dir='ltr'>et</span> <span class='ocrx_word' id='word_1_234' title='bbox 498 2711 678 2738; x_wconf 74' lang='lat' dir='ltr'>censurce</span> <span class='ocrx_word' id='word_1_235' title='bbox 699 2696 922 2749; x_wconf 58' lang='lat' dir='ltr'>subjiciat,-</span> <span class='ocrx_word' id='word_1_236' title='bbox 966 2701 1026 2747; x_wconf 75' lang='lat' dir='ltr'>ut,</span> <span class='ocrx_word' id='word_1_237' title='bbox 1047 2697 1084 2736; x_wconf 79' lang='lat' dir='ltr'>si</span> <span class='ocrx_word' id='word_1_238' title='bbox 1116 2696 1173 2735; x_wconf 82' lang='lat' dir='ltr'>ad</span> <span class='ocrx_word' id='word_1_239' title='bbox 1200 2695 1512 2748; x_wconf 76' lang='lat' dir='ltr'>cedzficationem</span> <span class='ocrx_word' id='word_1_240' title='bbox 1530 2693 1636 2746; x_wconf 81' lang='lat' dir='ltr'>fore</span> 
     </span>
     <span class='ocr_line' id='line_1_38' title="bbox 259 2771 1367 2825; baseline -0.005 -9"><span class='ocrx_word' id='word_1_241' title='bbox 259 2774 522 2824; x_wconf 73' lang='lat' dir='ltr'>videbuntur,</span> <span class='ocrx_word' id='word_1_242' title='bbox 545 2777 585 2813; x_wconf 85' lang='lat' dir='ltr'>et</span> <span class='ocrx_word' id='word_1_243' title='bbox 608 2787 685 2813; x_wconf 87' lang='lat' dir='ltr'>non</span> <span class='ocrx_word' id='word_1_244' title='bbox 709 2773 835 2813; x_wconf 76' lang='lat' dir='ltr'>aliter</span> <span class='ocrx_word' id='word_1_245' title='bbox 857 2773 900 2813; x_wconf 86' lang='lat' dir='ltr'>in</span> <span class='ocrx_word' id='word_1_246' title='bbox 913 2772 1129 2825; x_wconf 75' lang='lat' dir='ltr'>publicum</span> <span class='ocrx_word' id='word_1_247' title='bbox 1143 2771 1367 2824; x_wconf 78' lang='lat' dir='ltr'>prodeant.</span> 
     </span>
    </p>
   </div>
  </div>
 </body>
</html>
