2004 3294
350 283 430 319 100

839 293 1270 322 CONSTITUTIONUM

433 400 486 441 ad
507 401 650 442 locum
674 401 1032 458 Congregationis
1055 412 1289 455 vocentur3
1323 412 1364 445 et
1387 419 1499 445 unus
1528 419 1676 446 eorum
1698 419 1800 447 con-

432 475 599 517 cionem
620 476 790 528 habeat,
813 492 898 532 qua
918 478 961 518 in
985 493 1138 532 genere
1165 478 1298 530 (nullo
1329 479 1428 519 dato
1451 478 1573 534 signo
1595 494 1681 534 quo
1703 494 1800 535 par·

430 549 620 591 ticularis
652 551 793 606 aliqua
822 566 1006 606 persona
1037 552 1317 606 significetur)
1350 553 1404 593 ad
1434 553 1685 594 electionem
1707 553 1798 608 ejus

433 626 672 681 Praepositi,
705 627 779 680 qui
810 627 864 667 ad
892 626 1031 681 majus
1061 627 1145 668 Dei
1172 627 1425 682 obsequium
1456 629 1696 681 conveniat,
1727 645 1800 670 ex-

429 700 651 750 hortetur3
696 700 755 740 Et
780 708 1012 755 postquam
1040 701 1253 755 hymnum
1284 701 1406 741 illum
1439 701 1566 742 simul
1598 702 1798 754 dixerint,

428 773 540 813 Veni
564 773 742 814 Creator
763 773 951 828 Spiritus
969 791 980 825 3
1011 774 1055 814 in
1077 774 1335 829 praedictum
1355 775 1499 815 locum
1518 775 1800 831 Congregati-

429 847 523 887 onis
546 846 598 887 ab
631 847 773 902 aliquo
805 862 857 888 ex
880 848 1143 903 Praepositis,
1174 848 1242 889 vel
1264 848 1535 900 Rectoribus,
1557 849 1624 889 vel
1655 848 1797 904 aliquo

428 920 631 976 quopiam
655 921 706 962 de
731 922 958 973 Societate,
981 923 1050 963 cui
1072 923 1117 963 id
1138 923 1264 963 officii
1287 923 1330 963 in
1363 923 1491 964 domo
1515 922 1798 979 Congregati-

427 994 521 1035 onis
558 995 837 1036 commissum
872 997 1016 1048 fuerit,
1052 996 1343 1048 includantur,
1377 997 1449 1048 ita,
1487 1006 1535 1038 ut
1576 1011 1655 1038 nec
1696 997 1796 1039 inde

427 1070 586 1124 egredi,
628 1086 706 1111 nec
749 1071 808 1112 eis
850 1071 1012 1126 ahquid
1053 1073 1106 1113 ad
1145 1072 1322 1123 victum,
1363 1080 1520 1127 praeter
1560 1087 1717 1127 panem
1755 1082 1797 1114 et

427 1158 597 1199 aquam,
620 1146 710 1186 dari
733 1146 898 1200 possit3
942 1147 1077 1187 donec
1106 1147 1392 1201 Praepositum
1426 1146 1681 1188 Generalem
1713 1147 1796 1188 ele-

427 1219 581 1273 gerint.

432 1294 552 1340 Quod
569 1295 607 1334 si
629 1307 765 1335 omnes
787 1296 988 1335 communi
1010 1295 1296 1347 inspiratione,
1314 1308 1391 1335 non
1415 1298 1630 1353 eoepectato
1654 1295 1797 1335 ordine

425 1368 738 1421 snffinyiorum,
781 1370 1013 1421 quempiam
1049 1370 1246 1421 eliyerent
1268 1386 1280 1415 ;
1332 1369 1402 1409 ille
1443 1369 1500 1409 sit
1540 1369 1797 1422 Praepositus

430 1443 660 1483 Generalis.
728 1443 895 1483 Omnem
926 1444 1033 1483 enim
1063 1443 1262 1492 ordinem,
1295 1447 1335 1483 et
1366 1443 1542 1496 eliyendi
1560 1443 1797 1496 formulam

428 1518 617 1571 Spiritus
638 1523 822 1569 sanctus,
845 1519 915 1571 qui
944 1519 1001 1559 ad
1028 1518 1262 1570 hujusmodi
1293 1519 1530 1559 electionem
1559 1521 1693 1558 movet
1715 1518 1796 1571 fa-

426 1593 503 1632 cile
524 1593 700 1644 supplet.

427 1665 613 1706 Quando
645 1679 694 1705 eo
726 1665 854 1705 modo
883 1680 969 1705 non
1002 1672 1231 1719 peragetur
1264 1664 1443 1714 electi03
1473 1663 1670 1715 formula,
1699 1678 1794 1718 quae

426 1739 633 1794 sequitur,
665 1739 744 1780 erit
776 1739 1054 1780 observanda.
1122 1739 1174 1779 In
1205 1739 1355 1794 primis
1388 1739 1569 1793 quisque
1602 1753 1793 1779 seorsum

424 1813 562 1854 orabit
583 1814 742 1864 Deum,
764 1822 820 1864 et,
850 1828 949 1853 cum
980 1812 1098 1853 nullo
1130 1813 1210 1853 alio
1240 1812 1471 1867 loquendo,
1501 1812 1546 1852 in
1579 1811 1794 1853 Creatoris

424 1887 491 1928 sui
527 1902 575 1928 ac
607 1886 786 1927 Domini
822 1895 1059 1941 conspectu
1095 1901 1146 1926 ex
1181 1886 1247 1936 iis,
1285 1901 1380 1940 quae
1413 1885 1533 1940 prius
1569 1885 1794 1936 intellexit,

425 1962 542 2016 apud
564 1976 607 2002 se
631 1966 804 2012 statuet,
827 1975 956 2015 quem
980 1961 1034 2001 sit
1056 1960 1296 2010 electurus3
1327 1967 1369 2000 et
1391 1959 1435 2000 in
1467 1960 1614 2000 charta
1636 1959 1791 2001 scribet

424 2050 581 2075 nomen
603 2049 812 2090 personae,
838 2049 967 2089 quam
999 2033 1117 2089 eligit
1138 2034 1183 2074 in
1207 2033 1493 2088 Praepositum
1523 2033 1793 2084 Generalem,

427 2119 469 2150 et
492 2125 619 2150 suum
643 2109 911 2159 subscribet3
943 2115 985 2148 et
1022 2108 1076 2148 ad
1103 2109 1185 2148 hoc
1213 2107 1400 2162 spatium
1429 2107 1559 2147 unius
1590 2107 1707 2148 horae
1738 2107 1793 2148 ad

424 2198 643 2224 summum
663 2183 940 2238 praefigatur:
974 2181 1128 2222 deinde
1151 2182 1205 2222 ad
1227 2182 1348 2222 sedes
1381 2191 1489 2221 suas·
1507 2195 1657 2222 omnes
1689 2195 1791 2221 con—

423 2258 623 2299 veniant:
656 2258 716 2298 Et
736 2257 933 2298 Vicarius
956 2271 1054 2297 cum
1079 2256 1313 2297 Secretario
1336 2256 1390 2296 ad
1411 2256 1493 2296 hoc
1514 2255 1658 2311 ipsum
1679 2255 1792 2296 inter

423 2333 642 2374 Professos
665 2332 814 2383 electo,
828 2340 870 2373 et
892 2331 973 2372 alio
995 2330 1135 2381 tertio,
1153 2330 1226 2384 qui
1249 2330 1308 2370 eis
1331 2329 1517 2380 assistat,
1533 2344 1745 2384 exurgens
1767 2344 1791 2370 a

422 2407 521 2448 sede
543 2414 806 2461 protestetur
828 2405 939 2446 nolle
969 2419 1012 2445 se
1045 2404 1269 2444 admittere
1302 2417 1578 2458 quemquam,
1609 2417 1688 2444 nec
1718 2417 1790 2443 ex-

422 2481 608 2531 cludere,
630 2494 759 2535 quem
781 2494 867 2520 non
891 2478 1057 2519 debeat.
1119 2478 1206 2518 Det
1229 2485 1373 2518 autem
1396 2476 1597 2518 omnibus
1619 2475 1789 2517 absolu-

420 2555 582 2596 tionem
604 2554 846 2609 generalem
869 2553 921 2594 ab
937 2552 1136 2593 omnibus
1154 2551 1345 2593 censuris
1362 2551 1416 2592 ad
1437 2551 1554 2592 hunc
1571 2550 1788 2591 canonicae

421 2629 639 2670 electionis
662 2630 861 2670 effectum
881 2645 889 2669 ε
924 2627 1222 2677 Postmodum,
1237 2626 1433 2667 invocata
1447 2625 1634 2681 Spiritus
1652 2624 1788 2665 sancti

420 2702 570 2757 gratia,
593 2703 767 2743 accedat
789 2717 888 2742 cum
911 2701 1079 2742 duobus
1103 2700 1227 2741 sociis
1260 2700 1314 2741 ad
1344 2713 1538 2741 mensam
1569 2698 1614 2739 in
1644 2697 1786 2738 medio

419 2777 633 2831 positam;
677 2786 718 2817 et
748 2777 919 2831 ipsimet
951 2783 1036 2816 tres
1068 2775 1264 2830 praedicti
1296 2774 1448 2815 mutuo
1478 2771 1681 2827 suffragia
1711 2786 1788 2813 sua
