2004 3294
308 288 361 324 64

812 294 1242 322 CONSTITUTIONUM

395 407 596 458 habebit3
630 414 678 447 ut
706 406 842 461 magis
873 414 1126 462 perspectus
1153 406 1207 447 sit
1239 405 1352 457 ante,
1375 406 1503 460 quam
1526 420 1618 446 eam
1640 406 1763 446 emit-

395 489 471 524 tat.
533 481 592 522 Et
622 480 842 536 prorogari
867 481 948 521 hoc
986 488 1158 535 tempus
1189 480 1348 535 poterit
1382 481 1447 533 (ut
1477 480 1520 520 in
1554 480 1762 521 Examine

395 557 560 598 dictum
582 556 662 609 est)
687 556 785 596 cum
810 555 1016 605 Societas,
1037 554 1105 595 vel
1126 554 1199 608 qui
1229 555 1281 595 ab
1304 569 1353 595 ea
1373 555 1484 596 hanc
1506 555 1550 596 in
1573 555 1762 596 Domino

395 645 540 672 curam
562 629 706 680 habet,
727 628 898 683 plenius
921 628 1001 669 sibi
1024 627 1220 668 satisfieri
1242 627 1514 669 desideraret.

431 824 623 855 QUALES
648 823 759 851 ESSE
784 823 1031 860 DEBEANT,
1055 823 1139 854 QUI
1166 823 1478 850 ADMITTENDI
1503 823 1641 851 SUNT.

396 975 507 1016 CUM
531 975 650 1015 nullo
672 989 723 1015 ex
743 974 811 1015 his
833 973 972 1015 modis
994 973 1164 1014 admitti
1186 973 1353 1024 debeat,
1374 972 1456 1014 nisi
1478 973 1552 1027 qui
1582 973 1762 1014 idoneus

394 1050 438 1089 in
476 1048 665 1089 Domino
707 1048 835 1089 fuerit
884 1047 1187 1098 existimatus3
1241 1047 1309 1087 Illi
1360 1047 1414 1087 ad
1454 1046 1762 1102 professionem

394 1122 537 1164 idonei
557 1122 847 1173 habebuntur,
864 1136 1048 1177 quorum
1069 1121 1157 1163 vita
1177 1120 1392 1162 diuturnis
1414 1135 1462 1161 ac
1485 1120 1762 1176 diligentibus

394 1196 721 1252 probationibus
755 1211 779 1236 a
813 1196 1051 1251 Praeposito
1081 1195 1282 1236 Generali
1318 1195 1387 1248 (ad
1418 1209 1548 1249 quem
1579 1195 1763 1236 referent

394 1271 672 1326 particulares
716 1270 957 1325 Praepositi,
997 1270 1064 1311 vel
1115 1269 1199 1320 alii,
1241 1284 1425 1323 quorum
1466 1269 1763 1310 testimonium

396 1344 620 1386 Generalis
641 1343 842 1397 requiret)
861 1351 1087 1398 perspecta
1107 1342 1229 1384 valde
1251 1342 1488 1397 approbata
1502 1342 1645 1383 fuerit.
1694 1343 1765 1383 Ad

395 1420 477 1460 hoc
511 1426 656 1460 autem
690 1417 880 1459 conferet
915 1417 1013 1469 illis,
1049 1417 1123 1472 qui
1157 1417 1211 1458 ad
1248 1416 1390 1458 studia
1421 1415 1540 1457 missi
1575 1416 1764 1468 fuerunt,

395 1493 592 1534 absoluta
614 1492 707 1547 jam
728 1506 778 1532 ea
799 1506 901 1532 cura
931 1498 973 1532 et
1005 1491 1241 1546 diligentia,
1262 1505 1359 1546 quae
1390 1491 1445 1531 ad
1481 1491 1763 1532 excolendum

394 1567 661 1609 intellectum
693 1566 885 1608 adhibita
911 1566 1053 1617 fuerit,
1078 1565 1242 1606 ultimae
1275 1565 1541 1620 probationis
1571 1572 1763 1620 tempore

396 1642 440 1682 in
478 1641 624 1683 schola
658 1641 836 1682 affectus
877 1639 1126 1695 diligentius
1160 1654 1204 1680 se
1238 1653 1446 1690 exercere,
1482 1647 1525 1680 et
1557 1639 1602 1680 in
1635 1639 1763 1680 rebus

398 1716 707 1772 spiritualibus,
738 1720 781 1756 et
808 1714 1114 1770 corporalibus,
1146 1729 1242 1769 quae
1274 1714 1328 1754 ad
1354 1714 1595 1769 profectum
1616 1714 1662 1755 in
1682 1715 1763 1755 hu-

397 1791 576 1832 militate
598 1798 640 1831 et
662 1789 945 1844 abnegatione
966 1788 1154 1829 universi
1183 1788 1337 1829 amoris
1368 1788 1591 1839 sensualis,
1622 1790 1764 1829 voluu-

399 1867 515 1917 tatz's,
544 1870 584 1906 et
615 1866 772 1918 judicii
808 1865 992 1916 proprii,
1024 1870 1066 1904 et
1095 1863 1149 1903 ad
1174 1863 1377 1918 majorem
1409 1863 1698 1918 cognitionem
1721 1871 1762 1904 et

398 1954 585 1980 amorem
622 1938 705 1979 Dei
747 1938 989 1986 conferunt,
1029 1936 1251 1987 insistere3
1302 1942 1351 1977 ut
1393 1938 1490 1978 cum
1531 1937 1575 1977 in
1613 1937 1763 1992 seipsis

397 2012 670 2068 profecerint,
683 2011 836 2052 melius
858 2011 912 2051 ad
933 2010 1174 2065 profectum
1193 2010 1368 2065 spiritus
1390 2010 1493 2052 alios
1511 2011 1565 2051 ad
1585 2010 1762 2066 gloriam

399 2088 481 2128 Dei
503 2095 545 2128 et
567 2086 746 2127 Domini
768 2085 903 2126 nostri
927 2085 1095 2139 juvent.

399 2162 610 2203 Doctrina
637 2160 764 2201 etiam
794 2160 839 2199 in
869 2159 1117 2213 hujusmodi
1150 2159 1365 2200 sufficiens
1394 2167 1486 2200 esse
1507 2159 1694 2211 debebit,
1715 2174 1763 2201 ac

398 2244 554 2291 proeter
578 2233 852 2275 humaniores
884 2232 1062 2283 litteras,
1091 2240 1133 2273 ct
1163 2233 1292 2274 Artes
1322 2233 1532 2285 liberales,
1563 2233 1691 2274 etiam
1719 2233 1763 2273 in

398 2310 633 2365 Theologia
655 2308 919 2350 Scholastica
940 2314 982 2348 et
1008 2307 1137 2348 sacris
1167 2306 1321 2348 litteris
1353 2307 1455 2349 satis
1485 2308 1642 2349 versati
1672 2322 1763 2350 esse

399 2384 632 2425 debebunt.
693 2383 752 2423 Et
799 2381 980 2437 quanvis
1031 2381 1162 2435 aliqui
1212 2381 1393 2422 breviori
1443 2389 1636 2438 tempore
1677 2397 1763 2424 non

399 2458 607 2500 minorem
629 2471 918 2512 progressum,
940 2456 1067 2510 quam
1090 2455 1159 2495 alii
1186 2455 1383 2510 longiori,
1404 2455 1541 2497 facere
1561 2462 1765 2512 possent3

400 2532 694 2582 nihilominus,
735 2538 785 2571 ut
835 2529 1075 2571 communis
1127 2529 1269 2584 aliqua
1315 2544 1517 2571 mensura
1558 2537 1765 2581 sumatur,

401 2606 589 2660 spatium
612 2605 786 2660 aliquod
808 2603 1012 2659 temporis
1033 2603 1349 2658 praescribetur,
1371 2611 1414 2645 ct
1444 2604 1525 2645 hoc
1547 2604 1640 2655 erit,
1661 2618 1764 2658 qua·

402 2680 645 2721 dricnnium
667 2680 883 2735 integrum
911 2684 1010 2734 post
1035 2679 1207 2719 Artium
1238 2678 1476 2720 liberalium
1507 2685 1550 2719 et
1573 2677 1765 2718 Philoso—

400 2754 514 2809 phiae
543 2754 685 2795 studia
717 2754 761 2794 in
792 2753 1026 2807 Theologia
1054 2752 1302 2808 explevisse.
1366 2752 1429 2793 Ut
1457 2766 1557 2806 ergo
1585 2752 1639 2792 ad
1667 2766 1764 2806 pro-
