1987 3374
180 1565 204 1602 10

722 337 843 364 PARS
878 336 1046 363 SEXTA.
1564 327 1615 374 77

239 446 377 488 tiones
400 445 620 486 charitatis
649 452 777 500 atque
810 445 1066 486 obedientiae
1099 445 1366 500 permittent,
1389 461 1477 487 non
1499 447 1617 488 vide-

239 528 310 561 tur
330 521 375 560 in
406 520 473 571 iis,
506 535 603 575 quae
635 520 690 560 ad
722 520 974 571 orationem,
996 519 1337 571 meditationem,
1360 528 1402 561 et
1425 521 1616 561 studium

237 595 471 650 pertinent,
500 600 549 635 ut
580 610 658 636 nec
690 595 735 635 in
768 594 977 650 corporali
1009 595 1312 636 exercitatione
1337 595 1617 650 jejuniorum,

237 669 494 724 vigiliarum,
527 678 601 710 aut
630 670 809 710 aliarum
845 685 989 710 rerum
1019 670 1073 710 ad
1104 670 1399 711 austeritatem
1431 671 1498 711 vel
1527 686 1617 711 cor-

236 744 354 798 poris
396 744 724 799 castigationem
767 744 1058 799 spectantium
1099 744 1188 784 ulla
1228 745 1376 799 regula
1412 745 1472 785 eis
1508 760 1617 800 prae-

238 817 479 869 scribenda,
511 819 594 859 nisi
626 833 755 873 quam
782 819 966 859 discreta
997 818 1181 859 charitas
1215 818 1449 873 unicuique
1484 819 1619 860 dicta-

235 893 369 933 verit:
413 893 518 933 dum
553 902 698 934 tamen
728 908 898 948 semper
933 893 1232 934 Confessarius
1266 894 1530 944 consulatur,
1561 902 1617 945 et,

235 967 312 1007 ubi
334 966 516 1007 dubium
540 967 757 1017 acciderit,
781 967 887 1021 quid
908 967 1150 1017 conveniat,
1173 982 1240 1007 res
1264 968 1318 1007 ad
1341 968 1615 1022 Superiorem

234 1041 456 1082 referatur.
521 1041 619 1082 Hoc
641 1046 788 1081 tamen
812 1041 979 1081 dicetur
1010 1041 1054 1081 in
1086 1041 1366 1091 universum3
1399 1056 1491 1081 esse
1524 1042 1618 1096 qui-

236 1115 333 1155 dem
358 1115 806 1165 animadvertendum,
822 1130 875 1155 ne
898 1115 1058 1155 nimius
1080 1114 1333 1169 hujusmodi
1355 1130 1498 1155 rerum
1513 1130 1619 1156 usus

236 1197 461 1244 tantopere
498 1189 608 1230 vires
642 1189 832 1244 corporis
876 1189 1084 1239 debilitet,
1121 1196 1378 1243 tantumque
1415 1190 1619 1244 temporis

236 1278 309 1304 eos
342 1263 578 1315 distineat,
619 1271 669 1304 ut
701 1263 855 1304 deinde
889 1263 1102 1318 spirituali
1132 1263 1428 1318 proximorum
1461 1264 1617 1304 auxilio

230 1337 359 1392 juxta
380 1337 517 1378 nostri
541 1337 740 1378 Instituti
771 1337 984 1378 rationem
1015 1352 1103 1378 non
1136 1337 1379 1377 sufficiant:
1413 1352 1491 1377 nec
1515 1353 1619 1378 con-

235 1419 301 1452 tra
331 1417 453 1452 tanta
473 1411 518 1451 in
540 1411 623 1452 illis
656 1411 710 1452 sit
742 1411 976 1462 relaxati03
1018 1418 1081 1461 ut,
1103 1411 1266 1451 fervore
1290 1410 1467 1465 spiritus
1499 1412 1618 1452 refri-

237 1492 454 1541 gescente,
476 1486 656 1526 humani
679 1500 727 1526 ac
748 1485 970 1526 inferiores
993 1486 1172 1526 affectus
1194 1485 1472 1526 incalescant.

238 1561 618 1602 sacramentorum
649 1560 938 1614 frequentatio
970 1559 1092 1600 valde
1115 1560 1457 1600 commendetur.
1519 1560 1619 1600 Dif-

235 1634 336 1676 ferri
367 1643 512 1674 autem
543 1647 632 1674 non
664 1634 792 1674 debet
816 1633 1092 1684 Communio,
1125 1638 1199 1673 aut
1230 1633 1360 1674 missa
1392 1633 1618 1674 celebratio

237 1710 328 1751 sine
361 1709 501 1750 causis
526 1709 692 1764 judicio
723 1708 964 1764 Superioris
994 1708 1199 1763 legitimis
1231 1709 1344 1749 ultra
1376 1718 1472 1749 octo
1501 1709 1616 1749 dies:

237 1799 473 1839 omnesque
511 1783 730 1839 assignato
768 1783 849 1824 sibi
884 1783 1173 1834 Confessario,
1202 1783 1269 1823 vel
1306 1783 1464 1838 alioqui
1491 1783 1619 1838 juxta

237 1860 448 1911 ordinem,
470 1874 599 1914 quem
627 1858 809 1913 quisque
841 1857 1144 1913 praescriptum
1175 1858 1306 1898 habet
1329 1873 1352 1898 a
1375 1858 1618 1913 Superiore,

238 1935 543 1975 confiteantur.

237 2010 308 2050 Ex
344 2009 524 2065 Regulis
560 2009 909 2064 particularibus,
947 2023 1044 2063 quae
1081 2009 1126 2048 in
1162 2008 1392 2058 Domibus,
1426 2008 1501 2047 ubi
1535 2007 1618 2062 ipsi

236 2085 411 2135 fuerint,
430 2085 726 2134 observantur,
750 2083 908 2124 debent
931 2098 1104 2138 operam
1128 2083 1241 2133 dare,
1264 2091 1313 2123 ut
1334 2097 1427 2123 eam
1449 2091 1616 2137 partem

238 2160 467 2201 observent
489 2174 586 2214 quae
609 2158 869 2199 conveniens
892 2164 971 2209 est,
994 2173 1041 2198 ac
1066 2157 1232 2212 judicio
1248 2157 1489 2212 Superioris
1511 2158 1616 2212 ipsis

237 2236 513 2291 imponetur3
557 2234 643 2275 sive
676 2235 729 2274 ad
760 2234 1003 2289 profectum
1038 2233 1103 2274 vel
1132 2233 1461 2274 aedificationem
1495 2248 1616 2274 suam

238 2311 284 2351 id
305 2310 374 2360 sit,
397 2310 484 2350 sive
507 2309 635 2349 etiam
658 2308 852 2358 aliorum,
874 2308 986 2348 inter
1009 2323 1116 2362 quos
1138 2316 1376 2348 versantur.

242 2383 462 2427 Quoniam
511 2383 831 2438 occupationes,
880 2397 976 2437 quae
1029 2382 1083 2422 ad
1131 2381 1371 2422 animarum
1413 2381 1618 2421 auxilium

240 2466 536 2509 assumuntur,
577 2457 725 2513 magni
767 2456 975 2497 momenti
1010 2464 1126 2506 sunt,
1161 2470 1209 2496 ac
1246 2456 1382 2496 nostri
1421 2455 1617 2496 Instituti

238 2532 438 2589 propriae,
481 2538 524 2573 et
563 2532 686 2573 valde
729 2532 1001 2586 frequentes3
1049 2544 1234 2584 cumque
1276 2529 1434 2584 alioqui
1470 2535 1617 2570 nostra

236 2607 447 2648 habitatio
477 2615 564 2647 tam
599 2607 655 2647 sit
687 2607 731 2646 in
769 2607 850 2646 hoc
884 2606 951 2646 vel
984 2606 1028 2645 in
1062 2605 1133 2645 illo
1170 2604 1263 2644 loco
1295 2604 1484 2644 incerta:
1528 2619 1615 2645 non

236 2689 417 2722 utentur
446 2681 581 2721 nostri
611 2681 740 2721 choro
773 2680 827 2720 ad
853 2681 980 2720 horas
1014 2678 1257 2728 canonicas,
1287 2678 1355 2718 vel
1386 2678 1552 2728 missas,
1575 2685 1617 2718 et

237 2757 319 2798 alia
340 2756 479 2797 officia
501 2755 797 2796 decantanda:
832 2754 1184 2809 quandoquidem
1212 2753 1310 2803 illis,
1343 2768 1451 2807 quos
1483 2753 1537 2793 ad
1569 2768 1617 2793 ea

237 2828 451 2873 audienda
473 2831 642 2872 devotio
664 2830 859 2881 moverit,
883 2829 1054 2870 abunde
1078 2836 1279 2884 suppetet
1311 2828 1386 2868 ubi
1409 2828 1490 2868 sibi
1511 2828 1616 2882 ipsis
