1987 3374
174 459 200 495 2

171 1055 199 1090 4

172 1202 195 1238 5

172 1352 199 1388 6

176 1423 200 1471 7

174 1649 200 1686 8

148 2399 202 2435 10

149 2547 198 2584 11

149 2772 202 2808 12

742 339 862 366 PARS
898 339 1070 366 PRIMA.
1562 330 1607 365 ll

233 454 302 495 Ex
317 451 639 508 impedimentis
656 451 710 492 ad
727 450 1031 492 admissionem
1046 448 1255 490 nonnulla
1271 463 1357 500 eos,
1365 449 1440 503 qui
1455 449 1613 490 vellent

230 527 413 584 ingredi,
431 527 607 568 omnino
625 526 880 567 excludunt:
904 524 1005 580 quja
1020 524 1206 565 rationes
1223 523 1372 564 multae
1389 532 1431 564 et
1448 538 1613 579 graves,

231 617 310 643 nos
332 602 387 642 ad
408 601 453 642 id
474 601 518 641 in
539 600 729 642 Domino
751 607 942 641 movent.
1003 599 1070 640 Ea
1090 598 1190 639 verb
1221 597 1473 653 hujusmodi
1495 606 1612 638 sunt.

230 676 478 730 Aliquando
501 690 525 715 a
546 675 710 730 gremio
734 682 894 715 sanctae
924 672 1132 713 Ecclesiae
1164 671 1437 722 abscessisse,
1460 671 1612 711 Fidem

231 751 487 807 abnegando
508 750 622 791 inter
641 749 853 800 infideles,
870 748 938 789 vel
958 748 1188 789 incidendo
1210 747 1256 788 in
1278 762 1440 788 errores
1463 755 1612 787 contra

231 840 340 876 eam,
381 825 428 865 in
469 824 627 880 quibus
668 822 924 878 reprobatus
966 822 1095 862 fuerit
1135 837 1212 876 per
1252 821 1472 876 publicam
1515 835 1611 861 sen-

231 900 439 941 tentiam:
472 899 539 939 vel
571 913 614 939 se
645 912 763 938 more
788 897 1100 938 Scismatorum
1132 896 1185 936 ab
1207 895 1415 937 Ecclesiae
1444 895 1610 936 unitate

233 973 485 1029 sejunxisse.

233 1049 507 1104 Perpetrasse
528 1047 836 1088 homicidium:
869 1046 937 1087 vel
959 1061 1050 1087 esse
1082 1053 1260 1101 propter
1290 1045 1482 1086 enormia
1511 1059 1613 1100 pec—

231 1130 326 1164 cata
346 1123 566 1163 infamem.

230 1196 531 1252 Assumpsisse
574 1195 812 1251 Religionis
862 1195 1062 1235 habitum
1086 1211 1095 1235 z
1146 1194 1213 1234 vel
1254 1193 1494 1234 Eremitam
1537 1193 1612 1233 ali-

231 1273 405 1328 quando
427 1287 527 1313 cum
547 1271 708 1313 vestitu
728 1270 972 1312 monachali
991 1269 1138 1311 fuisse.

232 1347 504 1388 Matrimonii
524 1346 712 1397 vinculo,
734 1346 802 1386 vel
824 1344 1041 1386 servitutis
1062 1344 1267 1399 legitimae
1297 1344 1481 1399 ligatum
1504 1359 1610 1385 esse.

235 1421 400 1476 Capitis
442 1421 737 1461 infirmitatem
780 1419 885 1474 pati,
928 1419 1042 1459 unde
1086 1418 1252 1459 accidat
1293 1418 1528 1469 obscurari,
1570 1427 1612 1459 et

231 1510 386 1551 parum
409 1510 563 1536 sanum
585 1509 676 1536 esse
702 1494 942 1549 judicium;
974 1493 1042 1533 vel
1064 1493 1099 1533 si
1121 1492 1357 1534 notabilem
1379 1493 1535 1534 habeat
1558 1494 1613 1534 ad

231 1570 340 1610 illud
362 1570 690 1625 dispositionem
708 1586 719 1620 3
750 1576 800 1609 ut
821 1568 866 1608 in
889 1567 1101 1608 Examine
1122 1567 1261 1608 fusius
1283 1574 1506 1608 tractatur.

233 1645 402 1686 Caetera
422 1644 736 1699 impedimenta
762 1642 943 1697 quanvis
976 1642 1197 1697 sigillatim
1229 1650 1405 1698 accepta
1426 1643 1449 1683 a
1472 1643 1616 1684 Socie-

232 1727 320 1761 tate
348 1734 437 1760 non
468 1718 646 1760 omnino
678 1717 926 1768 excludant,
956 1717 1146 1757 reddunt
1176 1724 1323 1758 tamen
1353 1717 1498 1758 minus
1523 1718 1617 1759 ido-

231 1809 364 1835 neum
385 1808 500 1845 eum,
517 1793 592 1848 qui
614 1792 785 1834 admitti
807 1799 1009 1847 exoptat,
1042 1801 1084 1831 et
1106 1799 1253 1846 posset
1275 1791 1387 1832 tanti
1407 1793 1618 1834 momenti

232 1884 324 1911 esse
347 1869 542 1911 defectus
559 1885 571 1920 3
601 1875 651 1909 ut
674 1882 695 1909 e
718 1866 890 1909 servitio
913 1866 998 1907 Dei
1019 1881 1108 1907 non
1139 1874 1253 1907 esset
1282 1867 1494 1919 futurum,
1516 1883 1616 1909 cum

232 1960 282 1986 eo
303 1958 553 2000 quenquam
575 1941 762 1984 admitti.

234 2019 556 2076 Impedimenta
589 2025 734 2059 autem
766 2017 861 2057 haec
896 2016 1164 2066 secundaria,
1199 2016 1251 2056 de
1292 2016 1451 2071 quibus
1487 2018 1617 2060 modo

234 2102 299 2135 est
328 2108 483 2144 sermo,
510 2091 763 2147 hujusmodi
791 2098 908 2131 sunt.
971 2090 1102 2132 Quod
1133 2090 1188 2130 ad
1217 2090 1420 2132 interiora
1449 2092 1618 2145 attinet,

233 2168 457 2224 passiones
477 2167 545 2208 vel
566 2166 760 2217 affectus,
782 2165 857 2220 qui
889 2164 1055 2205 domari
1085 2179 1172 2205 non
1204 2179 1330 2220 posse
1361 2165 1589 2207 videantur
1606 2185 1618 2218 3

232 2243 301 2296 v,el
320 2250 597 2298 peccatorum
613 2240 802 2291 habitus,
821 2240 872 2280 de
895 2238 1053 2294 quibus
1070 2253 1158 2280 non
1176 2239 1281 2280 adeo
1297 2254 1455 2295 magna
1473 2256 1619 2282 emen-

233 2319 351 2360 datio
373 2325 584 2374 speretur.

235 2393 427 2434 Intentio
458 2392 603 2433 minus
633 2398 764 2442 recta,
797 2391 925 2445 quam
956 2404 1034 2445 par
1065 2397 1193 2440 esset,
1216 2389 1270 2430 ad
1292 2389 1530 2445 Religionis
1552 2391 1618 2431 in-

234 2482 460 2523 gressum3
492 2475 541 2508 ut
563 2481 659 2522 quae
682 2480 782 2507 cum
804 2466 996 2506 humano
1020 2463 1162 2518 aliquo
1183 2464 1270 2504 fine
1293 2463 1348 2505 sit
1370 2464 1574 2506 admixta.

235 2541 550 2593 Inconstantia,
571 2541 639 2582 vel
659 2539 855 2581 remissio
886 2538 1018 2579 animi
1049 2537 1267 2588 notabilis,
1289 2552 1341 2579 ex
1362 2553 1447 2593 qua
1469 2539 1542 2593 qui
1565 2539 1617 2580 de

232 2617 432 2671 ingressu
473 2615 576 2671 agit,
624 2614 791 2655 inutilis
833 2613 1033 2654 credatur
1075 2612 1129 2652 ad
1171 2611 1398 2652 societatis
1438 2627 1618 2655 munera

234 2691 450 2733 obeunda.

236 2767 487 2809 Indiscretae
509 2765 774 2816 devotiones,
796 2779 892 2819 quae
916 2778 1028 2819 saepe
1060 2763 1104 2803 in
1127 2777 1256 2803 causa
1277 2777 1368 2803 esse
1392 2763 1546 2815 solent,
1567 2772 1616 2805 ut
