1987 3374
664 318 785 345 PARS
821 319 1048 346 SEPTIMA.
1550 314 1599 350 85

227 426 595 480 consequendum,
620 427 885 483 Praepositus
905 427 1144 480 Generalis,
1167 428 1266 470 cum
1289 444 1426 471 novus
1446 431 1609 473 Christi

225 499 422 541 Vicarius
459 501 504 542 in
538 502 792 557 Apostolica
825 503 925 544 sede
959 504 1088 545 fuerit
1123 505 1402 557 constitutus,
1438 521 1516 561 per
1548 522 1606 558 se,

224 575 293 615 vel
313 590 392 630 per
413 575 543 616 alium
566 576 679 617 intra
701 592 864 618 annum
887 578 940 619 ab
963 578 1055 634 ejus
1088 579 1301 621 creatione
1331 588 1374 621 et
1396 582 1609 622 coronati-

224 664 306 690 one
339 655 537 692 teneatur
568 651 660 707 ejus
697 653 927 695 Sanctitati
957 654 1171 696 declarare
1202 655 1530 710 professionem,
1561 672 1608 698 ac

223 725 555 780 promissionem
588 742 835 783 expressam
858 728 1147 780 Obedientiae,
1179 745 1275 784 quae
1307 730 1391 785 ipsi
1414 731 1606 773 Societas

222 800 429 854 peculiari
450 810 551 843 voto
574 802 686 844 circa
707 803 934 845 missiones
960 805 1014 845 ad
1036 804 1120 845 Dei
1148 805 1329 860 gloriam
1352 821 1396 846 se
1419 806 1606 848 obstrin-

219 883 296 916 xlt.

342 1128 404 1155 DE
430 1128 748 1156 MISSIONIBL'S
773 1129 1067 1157 SUPERIORIS
1093 1130 1389 1159 SOCIETATIS.

218 1297 329 1340 QUO
353 1297 567 1353 spirituali
589 1297 831 1338 animarum
854 1299 1101 1340 necessitati
1134 1300 1354 1341 subveniri
1385 1301 1534 1342 multis
1556 1303 1600 1343 in

214 1372 321 1413 locis
343 1372 495 1428 majori
517 1388 616 1413 cum
638 1373 857 1424 facultate,
881 1388 928 1414 ac
952 1374 1180 1415 securitate
1203 1390 1366 1426 eorum,
1385 1376 1459 1431 qui
1482 1377 1536 1417 ad
1557 1377 1601 1418 id

214 1447 377 1488 fuerint
409 1447 628 1498 destinati,
649 1448 813 1503 possit3
848 1448 1075 1504 Praepositi
1099 1449 1333 1491 Generales
1358 1450 1600 1504 Societatis,

208 1521 336 1576 juxta
356 1521 607 1563 facultatem
630 1522 690 1563 eis
721 1537 745 1562 a
776 1538 946 1564 summo
971 1523 1181 1565 Pontifice
1214 1539 1477 1577 concessam,
1500 1527 1600 1568 mit-

214 1605 304 1638 tere
339 1597 515 1652 quosvis
558 1598 610 1638 de
649 1598 863 1639 Societate
905 1607 1127 1653 poterunt,
1166 1614 1426 1655 quocunque
1461 1603 1599 1658 magis

212 1672 413 1727 expedire
454 1672 742 1727 judicabunt,
776 1673 850 1728 qui
878 1679 1025 1714 tamen
1054 1674 1305 1729 ubicunque
1337 1676 1514 1728 fuerint,
1544 1679 1597 1718 ad

210 1747 500 1789 obedientiam
543 1748 656 1789 sedis
698 1748 961 1803 Apostolicae
1002 1749 1141 1803 parati
1193 1758 1333 1791 erunt.
1395 1751 1456 1791 Et
1497 1753 1597 1807 quia

210 1822 456 1878 complures
489 1831 606 1873 sunt,
636 1823 710 1877 qui
742 1823 908 1877 aliquos
940 1838 991 1863 ex
1020 1823 1179 1864 nostris
1207 1824 1288 1864 sibi
1320 1826 1498 1866 concedi
1520 1842 1596 1882 pe-

208 1907 320 1951 tant,
352 1901 499 1955 potius
530 1900 718 1955 propriae
749 1899 1024 1954 obligationis
1063 1900 1299 1955 spiritualis
1334 1916 1435 1957 erga
1466 1918 1594 1944 suum

206 1990 400 2030 gregem,
424 1975 493 2016 vel
523 1975 705 2016 aliorum
734 1975 1062 2015 commodorum
1091 1989 1115 2014 a
1148 1975 1234 2015 fine
1271 1981 1420 2017 nostro
1454 1978 1592 2033 magis

208 2049 465 2090 distantium
486 2049 652 2090 ratione
674 2049 836 2100 habita,
860 2049 989 2103 quam
1013 2049 1311 2089 communium
1345 2058 1385 2090 et
1418 2051 1591 2093 univer-

206 2124 388 2175 salium3
421 2123 688 2179 Praepositus
712 2123 952 2174 Generalis,
973 2123 1040 2164 vel
1062 2123 1136 2178 qui
1158 2123 1210 2164 ab
1234 2139 1283 2166 eo
1316 2124 1429 2165 hanc
1451 2126 1590 2168 habu-

206 2200 287 2241 erit
327 2199 594 2250 facultatem,
636 2198 865 2253 diligenter
914 2198 960 2238 in
1010 2198 1262 2253 hujusmodi
1303 2200 1586 2243 missionibus

206 2283 342 2326 curet,
363 2282 414 2315 ut
434 2275 480 2315 in
503 2274 591 2315 suis
613 2274 667 2314 ad
688 2274 800 2314 hanc
829 2272 991 2328 potius,
1023 2288 1153 2328 quam
1185 2274 1240 2314 ad
1270 2274 1386 2315 illam
1418 2284 1585 2331 partem

203 2350 444 2401 mittendis,
470 2355 512 2390 et
538 2350 591 2390 ad
621 2350 703 2390 hoc
736 2363 846 2404 opus
872 2348 1033 2403 potius,
1064 2363 1194 2403 quam
1227 2350 1281 2390 ad
1311 2350 1433 2401 illud,
1463 2357 1505 2392 et
1535 2358 1585 2392 ut

203 2428 317 2467 hanc
346 2440 575 2482 personam
603 2424 763 2480 potius,
793 2439 923 2478 quam
954 2423 1070 2463 illam
1102 2424 1261 2475 mittat,
1294 2425 1390 2477 hoc,
1411 2426 1479 2466 vel
1510 2427 1582 2468 illo

201 2502 347 2554 modo,
368 2501 424 2542 ad
443 2500 666 2557 prolixius,
687 2499 756 2540 vel
775 2499 948 2540 brevius
972 2507 1159 2553 tempus,
1182 2499 1226 2539 id
1258 2515 1440 2555 semper,
1465 2503 1582 2555 quod

202 2578 259 2619 ad
292 2576 433 2632 majus
475 2576 560 2617 Dei
601 2574 857 2629 obsequium
899 2582 941 2615 et
977 2573 1141 2614 bonum
1184 2574 1422 2615 universale
1464 2576 1580 2627 facit,

201 2660 430 2694 statuatur.
494 2651 607 2692 Cum
648 2651 729 2690 hac
771 2663 872 2705 ergo
909 2648 1147 2690 rectissima
1189 2664 1236 2689 ac
1280 2650 1580 2704 syncerissima

199 2726 440 2769 intentione
476 2726 521 2766 in
555 2725 639 2766 Dei
676 2740 723 2765 ac
752 2723 932 2765 Domini
964 2723 1102 2764 nostri
1130 2731 1364 2778 conspectu
1403 2724 1550 2766 habita
1567 2744 1579 2777 3

199 2808 257 2853 et,
279 2802 315 2843 si
337 2801 375 2843 ei
396 2800 626 2852 videbitur,
649 2807 827 2855 propter
849 2797 1168 2839 deliberationis
1191 2797 1489 2839 difficultatem
1511 2799 1579 2841 vel

813 2887 837 2913 G
