2004 3294
318 295 370 329 94

368 2422 391 2457 [Ο

817 301 1172 329 CONSTITUTION
1182 302 1208 328 U
1217 302 1249 328 M

404 426 453 452 eo
476 411 713 452 constituto
735 411 898 462 ordine,
921 420 968 451 ut
991 411 1142 465 quovis
1166 410 1207 451 in
1236 411 1344 461 loco,
1367 425 1461 464 quae
1493 410 1547 450 ad
1578 415 1771 450 mutuam

405 485 742 526 consolationem
777 493 819 526 et
853 485 1180 526 aedificationem
1218 485 1258 525 in
1293 485 1483 526 Domino
1514 485 1692 535 faciunt,
1723 498 1774 524 ex

406 560 496 601 aliis
519 560 615 601 sciri
637 561 818 615 possint.

467 832 647 862 QUIBUS
673 833 723 858 IN
750 831 953 858 CASIBL'S
979 830 1328 857 CONGREGATIO
1354 830 1635 856 GENERALIS

865 905 1000 932 FIERI
1026 905 1237 931 DEBEAT.

941 982 1070 1023 CAP.
1104 982 1166 1022 11.

408 1075 481 1116 AD
513 1074 717 1115 unionem
748 1073 1017 1128 personalem
1043 1081 1092 1114 ut
1118 1073 1356 1123 veniamus,
1387 1087 1483 1127 quae
1514 1072 1558 1112 in
1589 1071 1779 1126 Congre-

409 1150 654 1205 gationibus
686 1149 913 1190 Societatis
944 1149 1022 1199 fit3
1065 1148 1425 1189 considerandum
1457 1152 1536 1199 est,
1557 1146 1714 1201 quibus
1735 1145 1780 1186 in

410 1224 594 1275 casibus,
617 1224 705 1278 qui,
734 1232 776 1264 et
801 1238 878 1278 per
914 1238 1058 1277 quem,
1090 1238 1137 1263 ac
1169 1222 1332 1272 itidem,
1365 1237 1450 1276 quo
1482 1221 1528 1261 in
1558 1221 1668 1271 loco,
1696 1234 1781 1274 quo

408 1304 618 1353 tempore,
639 1303 682 1338 et
703 1298 831 1339 modo
854 1298 1039 1338 debeant
1071 1296 1337 1352 congregari,
1369 1301 1411 1336 et
1441 1296 1486 1336 id
1517 1295 1699 1346 definiri,
1729 1295 1781 1334 de

410 1388 494 1427 quo
516 1372 561 1412 in
585 1371 1006 1427 Congregationibus
1029 1379 1194 1427 agetur.
1256 1371 1316 1411 Et
1346 1378 1396 1411 ut
1427 1369 1668 1411 declaretur
1695 1369 1785 1424 pri-

409 1463 480 1488 mo
510 1447 620 1498 loco,
652 1446 810 1501 quibus
844 1446 887 1486 in
924 1446 1094 1486 casibus
1128 1445 1434 1500 Congregatio,
1463 1452 1506 1485 et
1532 1443 1784 1485 Conventus

411 1522 620 1578 generalis
637 1522 712 1562 fiat
729 1539 740 1573 3
772 1522 879 1562 illud
900 1521 946 1562 in
967 1521 1117 1576 primis
1141 1520 1417 1576 suppositum
1438 1527 1504 1560 est
1522 1535 1531 1560 :
1564 1518 1681 1574 quod
1696 1532 1785 1559 non

412 1598 584 1639 videtur
604 1597 649 1637 in
673 1596 864 1637 Domino
895 1596 940 1636 in
972 1595 1300 1651 praesentiarum
1333 1594 1547 1649 expedire,
1578 1601 1628 1634 ut
1659 1593 1785 1634 certis

414 1672 681 1727 temporibus
704 1679 778 1711 aut
799 1671 948 1711 crebro
971 1671 1058 1711 fiat.
1123 1670 1341 1712 Quoniam
1360 1669 1623 1724 Praepositus
1642 1667 1786 1709 Gene-

413 1746 513 1787 ralis
536 1745 709 1800 adjutus
732 1744 1136 1795 communicatione,
1159 1759 1288 1798 quam
1317 1758 1416 1783 cum
1447 1742 1647 1783 universa
1669 1741 1787 1782 Soci-

415 1829 527 1861 etate
552 1819 697 1870 habet,
720 1826 763 1860 et
794 1834 941 1859 eorum
974 1833 1116 1874 opera,
1139 1818 1213 1872 qui
1242 1832 1341 1858 cum
1368 1817 1464 1872 ipso
1494 1817 1674 1871 degunt,
1704 1816 1786 1856 hoc

414 1893 572 1934 laboris
595 1902 637 1934 et
666 1893 956 1933 distractionis
987 1893 1198 1933 universae
1223 1891 1440 1942 Societati,
1462 1900 1675 1945 quantum
1696 1890 1789 1930 fieri

415 1967 587 2023 poterit,
622 1967 795 2008 adimet.
856 1966 1103 2021 Aliquando
1137 1974 1282 2007 tamen
1314 1965 1580 2021 congregari,
1613 1965 1788 2006 omnino

417 2043 496 2084 erit
525 2042 840 2092 necessarium3
884 2050 948 2093 ut,
985 2057 1084 2082 cum
1121 2041 1200 2082 erit
1237 2041 1288 2082 de
1325 2040 1532 2082 electione
1565 2039 1790 2094 Praepositi

420 2116 644 2158 Generalis
676 2116 907 2170 agendum,
930 2116 1017 2157 sive
1049 2116 1273 2170 eligendus
1306 2115 1375 2166 sit,
1398 2114 1472 2169 qui
1501 2114 1545 2154 in
1578 2113 1791 2154 demortui

417 2193 562 2233 locum
596 2192 812 2243 succedat,
849 2191 936 2231 sive
973 2191 1048 2245 qui
1082 2191 1340 2245 subrogetur
1381 2176 1502 2231 alteri
1539 2188 1792 2244 Praeposito,

421 2281 550 2321 quem
572 2266 719 2307 cedere
743 2266 881 2307 officio
912 2273 1090 2320 propter
1121 2265 1307 2319 aliquam
1339 2278 1513 2305 causam
1535 2278 1587 2305 ex
1607 2263 1674 2316 iis,
1695 2277 1791 2317 quae

420 2350 571 2397 postea
593 2341 805 2392 dicentur,
827 2339 1066 2381 conveniat.

425 2417 573 2457 Altera
595 2430 723 2456 causa
745 2420 824 2467 est,
846 2415 944 2455 cum
967 2413 1189 2454 deliberari
1221 2413 1435 2468 oportebit
1457 2413 1510 2454 de
1540 2413 1669 2454 rebus
1698 2426 1794 2468 per-

422 2491 565 2546 petuis
595 2505 643 2531 ac
677 2489 824 2544 magni
860 2488 1082 2539 momenti,
1117 2488 1264 2542 quales
1296 2496 1440 2528 essent
1476 2487 1609 2541 (verbi
1640 2485 1790 2542 gratia)

426 2565 619 2620 Collegia
638 2565 706 2605 vel
728 2565 877 2605 domos
900 2563 1145 2613 dissolvere,
1168 2573 1241 2603 aut
1264 2563 1345 2603 alio
1378 2563 1620 2613 transferre,
1641 2560 1709 2602 vel
1728 2574 1795 2600 res

427 2639 660 2679 admodum
684 2638 877 2679 difficiles
900 2638 953 2677 ad
983 2637 1223 2678 universam
1248 2637 1506 2678 Societatem
1538 2642 1797 2690 spectantes,

424 2713 491 2754 vel
513 2728 605 2753 eain
629 2713 838 2754 rationem
860 2712 1121 2767 procedendi
1144 2712 1187 2752 in
1210 2712 1296 2762 illa,
1319 2726 1415 2765 qua*
1448 2711 1501 2752 ad
1531 2708 1795 2764 implendam
