1987 3374
711 370 832 397 PARS
868 369 1083 400 QVARTA,
1553 362 1604 397 55

171 490 199 525 4
232 482 479 533 Medicinae,
522 488 564 522 et
606 481 777 536 Legum
819 481 1013 522 studium
1055 488 1104 521 ut
1147 495 1170 520 a
1207 488 1354 521 nostro
1398 480 1606 522 Instituto

230 557 367 612 magis
404 562 619 597 remotum
654 555 699 596 in
744 555 1112 597 Universitatibus
1157 554 1383 595 Societatis
1419 554 1487 595 vel
1521 570 1607 596 non

229 630 504 682 tractabitur3
535 630 604 671 vel
626 629 777 671 saltem
798 629 893 685 ipsa
911 629 1102 671 Societas
1123 643 1201 684 per
1223 643 1266 670 se
1289 628 1334 669 id
1356 628 1497 669 oneris
1520 643 1607 669 non

230 705 451 761 suscipiet.

202 900 266 928 DE
290 899 427 928 MODO
452 901 511 928 ΕΤ
535 900 723 928 ORDINE
749 899 1033 927 PRAEDICTAS
1060 900 1375 928 FACULTATES
1398 899 1548 928 'FRAC—

791 974 962 1001 TANDI.

727 1051 856 1092 CAP.
889 1051 1024 1093 XIII.

174 1146 191 1181 1
228 1141 302 1182 AD
337 1141 561 1182 tractanda
601 1146 691 1181 tam
726 1141 983 1183 facultatum
1023 1141 1288 1193 inferiorum,
1331 1142 1459 1196 quam
1492 1141 1605 1182 The-

229 1215 382 1271 ologiae
417 1215 560 1257 studia
596 1216 822 1271 dispositio
859 1225 901 1258 et
930 1217 1034 1259 ordo
1061 1217 1324 1259 conveniens
1347 1225 1436 1258 tam
1465 1231 1605 1268 mane,

227 1291 356 1346 quam
379 1291 547 1346 vesperi
569 1291 805 1332 servandus
828 1300 906 1333 est.

170 1370 196 1405 2
229 1365 289 1406 Et
322 1366 504 1420 quanvis
536 1380 616 1421 pro
648 1365 890 1421 regionum,
927 1375 969 1407 et
1006 1374 1251 1421 temporum
1283 1367 1529 1408 diversitate
1560 1367 1605 1407 in

229 1440 394 1492 ordine,
415 1448 458 1481 et
480 1440 654 1482 statutis
675 1440 792 1481 horis
816 1441 960 1482 studio
982 1441 1224 1482 tribuendis
1254 1441 1393 1497 possit
1423 1441 1605 1483 varietas

229 1514 450 1566 accidere3
478 1529 628 1556 omnes
650 1522 796 1556 tamen
818 1515 863 1555 in
885 1529 934 1556 eo
957 1515 1230 1567 conveniant,
1253 1521 1302 1556 ut
1332 1516 1493 1571 ubique
1516 1517 1606 1567 fiat,

229 1589 348 1644 quod
374 1588 482 1630 inibi
515 1589 653 1644 magis
691 1589 890 1645 expedire
925 1590 979 1631 ad
1012 1589 1219 1645 majorem
1248 1590 1292 1631 in
1323 1590 1477 1632 litteris
1506 1606 1606 1646 pro-

227 1663 390 1704 fectum
412 1663 741 1705 existimabitur.

167 1742 194 1780 3
227 1737 323 1779 Nec
345 1737 486 1778 solum
506 1737 712 1779 lectiones
736 1738 837 1789 sint,
860 1753 956 1793 quae
977 1738 1149 1794 publice
1178 1739 1497 1794 praelegantur3
1531 1740 1607 1780 sed

227 1811 432 1867 Magistri
452 1811 582 1852 etiam
604 1811 761 1853 diversi
790 1827 869 1868 pro
902 1821 1033 1868 captu
1065 1818 1106 1853 et
1135 1828 1314 1854 numero
1337 1813 1606 1854 audientium

226 1885 581 1928 constituantur:
634 1886 708 1941 qui
753 1886 929 1941 quidem
979 1887 1223 1942 profectum
1264 1887 1605 1943 uniuscujusque

225 1975 280 2003 ex
312 1960 401 2001 suis
436 1959 712 2001 Scholasticis
746 1959 969 2015 speciatim
1010 1967 1259 2016 procurent,
1295 1970 1336 2002 et
1371 1963 1605 2003 lectionum

226 2034 437 2076 rationem
479 2034 686 2089 exigant3
736 2039 871 2088 utque
922 2049 983 2074 eae
1024 2043 1297 2089 reputantur,
1339 2044 1381 2077 et
1423 2037 1606 2078 studiosi

226 2107 467 2149 litterarum
495 2107 802 2148 humaniorum
832 2108 1086 2149 familiarem
1117 2123 1359 2150 sermonem
1390 2110 1521 2152 latine
1543 2111 1606 2151 lo-

227 2183 415 2238 quendo,
443 2190 492 2223 ut
524 2182 686 2238 stylum
718 2182 944 2224 scribendo
976 2198 1023 2224 ac
1055 2184 1460 2238 pronunciationem
1489 2201 1606 2228 com-

226 2257 369 2314 posita
408 2257 519 2299 bene
560 2257 890 2313 pronunciando
933 2258 1167 2313 expoliant,
1200 2268 1386 2311 curent3
1439 2270 1481 2301 et
1523 2261 1604 2313 his,

227 2349 277 2375 ac
297 2333 437 2375 multo
458 2332 596 2389 magis
618 2333 874 2374 facultatum
897 2333 1167 2389 superiorum
1199 2335 1403 2376 studiosis
1436 2336 1605 2377 crebras

171 2414 175 2417 ’
227 2406 544 2463 disputationes
565 2407 793 2463 imponant
810 2424 821 2458 3
855 2407 1013 2462 quibus
1036 2408 1127 2449 dies
1149 2417 1192 2450 et
1214 2409 1331 2450 horae
1354 2416 1481 2452 certae
1503 2426 1604 2452 con-

228 2483 478 2535 stituantur,
519 2482 596 2524 ubi
636 2497 724 2524 non
767 2482 907 2524 solum
950 2498 1048 2524 cum
1092 2484 1414 2540 condiscipulis,
1455 2501 1604 2527 verum

226 2557 357 2613 paulo
387 2557 608 2598 inferiores
641 2571 741 2598 cum
772 2557 993 2612 aliquanto
1014 2558 1357 2613 provectioribus
1380 2560 1604 2617 disputent

225 2632 272 2674 in
307 2632 374 2684 iis,
411 2647 508 2687 quae
544 2631 628 2687 ipsi
662 2631 866 2687 capiunt3
910 2633 1028 2688 quod
1061 2633 1191 2674 etiam
1227 2635 1319 2676 vice
1353 2651 1474 2678 versa
1504 2652 1604 2692 pro-

224 2706 433 2748 vectiores
465 2720 565 2747 cum
595 2705 740 2747 minus
772 2707 1001 2761 provectis,
1024 2707 1078 2748 ad
1110 2722 1172 2762 ea,
1201 2723 1297 2763 quae
1320 2710 1380 2750 illi
1402 2718 1604 2763 tractant,

227 2780 544 2831 descendendo,
577 2787 618 2821 et
643 2780 934 2836 Praeceptores
957 2782 1027 2823 alii
1059 2797 1158 2823 cum
1191 2783 1284 2824 aliis
1315 2786 1601 2840 praestabunt,

227 2870 409 2911 semper,
439 2870 524 2910 qua
561 2855 698 2906 decet,
735 2855 945 2897 modestia
979 2856 1217 2908 observata,
1250 2867 1290 2900 et
1324 2859 1466 2914 aliquo
1495 2875 1604 2915 prce-

836 2944 862 2971 E
887 2935 912 2971 2
