1987 3374
749 333 870 359 PARS
904 332 1114 361 OCTAVA.
1577 325 1630 373 97

251 441 329 482 bit.
393 441 478 482 Hic
501 447 646 482 autem
668 441 866 483 Vicarius
893 444 957 496 (ut
979 443 1231 498 plurimum)
1257 459 1371 486 unus
1394 460 1445 486 ex
1466 445 1518 487 iis
1540 447 1634 499 erit,

252 515 327 570 qui
361 516 509 557 adesse
543 516 797 572 Praeposito,
832 525 874 558 et
905 518 1050 573 ipsum
1089 518 1242 574 juvare
1272 520 1385 561 soliti
1420 529 1537 572 sunt,
1567 523 1634 563 vel

251 591 367 632 certe
398 605 450 631 ex
481 591 548 643 iis,
580 591 655 646 qui
680 592 876 647 proxime
905 593 1085 648 degunt.
1149 594 1296 650 Hujus
1327 595 1517 636 officium
1540 596 1633 648 erit,

252 664 514 707 Societatem
556 666 611 707 ad
658 666 912 708 electionem
957 668 1185 724 Praepositi
1226 670 1482 722 faciendam,
1523 686 1633 726 prae-

252 739 412 796 scripto
435 748 643 796 tempore,
666 750 708 782 et
735 741 844 793 loco,
867 757 953 797 quo
985 744 1213 785 convenire
1244 753 1454 800 oporteat,
1476 760 1634 786 convo-

252 829 363 856 care.

194 893 218 928 2
254 888 441 931 Quando
478 905 567 930 non
610 890 664 931 ad
705 891 960 932 electionem
1003 901 1291 948 congregatur
1325 894 1544 946 Societas,
1587 895 1633 935 in

251 962 344 1004 aliis
382 964 610 1005 eventibus
654 965 919 1020 Praepositus
956 965 1181 1007 Generalis
1225 982 1319 1008 eam
1362 969 1631 1019 convocabit,

249 1044 407 1094 praeter
437 1054 567 1094 quam
601 1040 646 1081 in
674 1040 772 1092 illis,
804 1041 877 1096 qui
911 1041 956 1082 in
991 1057 1107 1083 nona
1147 1052 1268 1098 parte
1307 1044 1630 1099 exprimentur:

250 1123 294 1156 et
329 1130 419 1156 non
461 1116 742 1172 congregabit
781 1117 1030 1172 frequenter
1073 1118 1347 1171 Societatem,
1381 1128 1432 1161 ut
1465 1120 1631 1162 dictum

250 1199 349 1243 est3
401 1191 484 1233 nisi
525 1207 669 1232 rerum
712 1193 978 1247 agendarum
1020 1194 1254 1235 necessitas
1296 1204 1483 1250 urgeret.
1547 1197 1632 1237 Sed

249 1266 350 1307 cum
371 1267 582 1322 generalis
607 1266 898 1323 Congregatio
920 1269 975 1309 ad
1003 1269 1257 1311 electionem
1282 1271 1507 1326 Praepositi
1530 1287 1633 1313 con-

248 1349 401 1382 vocata
422 1357 522 1382 eum
547 1341 640 1397 jam
662 1342 862 1397 elegerit3
895 1343 1050 1385 deinde
1073 1344 1125 1385 de
1147 1345 1276 1386 rebus
1305 1345 1397 1386 aliis
1429 1346 1633 1401 graviori-

249 1415 348 1468 bus,
370 1431 499 1471 quam
521 1424 571 1457 ut
593 1431 617 1457 a
641 1416 843 1458 Generali
866 1426 907 1458 et
929 1418 995 1470 iis,
1019 1418 1093 1473 qui
1125 1434 1225 1460 cum
1256 1419 1351 1475 ipso
1385 1429 1535 1475 agunt,
1558 1422 1632 1462 de-

250 1490 334 1531 cidi
357 1491 558 1542 debeant,
581 1492 755 1532 tractari
775 1492 949 1547 poterit.

324 1753 386 1780 DE
412 1751 552 1790 Loco,
574 1751 826 1789 TEMPORE,
850 1752 910 1778 ET
934 1751 1071 1779 MODO
1097 1751 1472 1779 CONGREGANDI.

789 1828 920 1870 CAP.
952 1829 1007 1870 V.

192 1924 212 1961 1
249 1921 429 1972 Locus,
452 1935 538 1975 quo
561 1920 789 1961 conveniet
813 1920 1004 1961 Societas
1027 1920 1081 1960 ad
1106 1919 1330 1960 Generalis
1363 1919 1633 1969 electionem,

248 1995 420 2037 videtur
461 1995 674 2036 ordinarie
716 1996 834 2035 curia
869 1994 1027 2034 summi
1063 1994 1287 2034 Pontificis
1329 2009 1421 2034 esse
1464 1994 1633 2045 debere,

248 2070 325 2110 ubi
365 2069 602 2124 plurimum
646 2068 726 2109 erit
774 2068 911 2123 ipsius
956 2068 1181 2109 Generalis
1232 2067 1497 2118 residentia3
1549 2068 1632 2108 nisi

251 2143 444 2185 Societas
476 2158 528 2184 ex
560 2143 800 2198 composito
833 2143 1179 2183 conveniendum
1210 2157 1302 2183 esse
1340 2142 1384 2182 in
1411 2142 1542 2182 alium
1570 2142 1633 2183 lo-

249 2234 364 2270 cum,
382 2219 455 2274 qui
479 2218 745 2259 commodior
767 2217 968 2259 omnibus
990 2218 1163 2258 futurus
1181 2225 1306 2268 esset,
1326 2225 1552 2258 statueret:
1582 2227 1631 2258 ut

249 2295 285 2336 si
308 2294 404 2349 quis
437 2294 481 2334 in
513 2293 702 2334 confinio
735 2293 1001 2334 diversarum
1036 2293 1374 2343 provinciarum,
1398 2293 1441 2333 in
1475 2292 1632 2348 quibus

247 2377 396 2410 manet
429 2368 635 2420 Societas,
667 2376 780 2409 esset
817 2368 1098 2418 constitutus,
1127 2368 1194 2407 vel
1228 2367 1351 2418 alius,
1389 2367 1463 2421 qui
1494 2367 1631 2421 magis

247 2443 555 2484 accommodus
596 2443 827 2484 videretur.
892 2442 937 2483 Si
981 2441 1245 2497 Praepositus
1291 2441 1514 2482 Generalis
1552 2451 1631 2492 est,

247 2519 321 2574 qui
345 2518 605 2559 Societatem
628 2518 682 2558 ad
705 2517 785 2558 alia
807 2517 981 2573 negotia
1003 2523 1262 2571 congregat:
1306 2515 1398 2570 ejus
1431 2515 1524 2566 erit,
1557 2516 1631 2556 eli-

247 2609 346 2651 gere
390 2609 438 2635 ac
481 2594 706 2648 designare
748 2593 908 2644 locum,
952 2608 1082 2647 quem
1124 2592 1168 2632 in
1198 2591 1390 2632 Domino
1420 2591 1630 2646 aptiorem

239 2669 514 2726 judicaverit.

188 2749 212 2786 2
246 2746 305 2786 At
329 2743 520 2800 spatium
544 2743 768 2798 temporis,
791 2743 911 2797 quod
932 2741 1140 2797 cogendae
1164 2739 1370 2781 Societati
1398 2740 1630 2791 tribuetur,

244 2819 320 2861 ubi
357 2819 409 2860 de
447 2818 656 2859 electione
697 2817 922 2858 Generalis
962 2816 1179 2871 agendum
1218 2822 1298 2865 est,
1334 2814 1525 2870 quinque
1556 2823 1630 2854 aut
