<?xml version="1.0" encoding="UTF-8"?>
<!DOCTYPE html PUBLIC "-//W3C//DTD XHTML 1.0 Transitional//EN"
    "http://www.w3.org/TR/xhtml1/DTD/xhtml1-transitional.dtd">
<html xmlns="http://www.w3.org/1999/xhtml" xml:lang="en" lang="en">
 <head>
  <title>
</title>
<meta http-equiv="Content-Type" content="text/html;charset=utf-8" />
  <meta name='ocr-system' content='tesseract 3.04.00' />
  <meta name='ocr-capabilities' content='ocr_page ocr_carea ocr_par ocr_line ocrx_word'/>
</head>
<body>
  <div class='ocr_page' id='page_1' title='image "./constitutionesso00jesuuoft_0080.png"; bbox 0 0 2004 3294; ppageno 0'>
   <div class='ocr_carea' id='block_1_1' title="bbox 283 295 336 333">
    <p class='ocr_par' dir='ltr' id='par_1_1' title="bbox 283 295 336 333">
     <span class='ocr_line' id='line_1_1' title="bbox 283 295 336 333; baseline 0.019 -1"><span class='ocrx_word' id='word_1_1' title='bbox 283 295 336 333; x_wconf 83' lang='lat'>68</span> 
     </span>
    </p>
   </div>
   <div class='ocr_carea' id='block_1_2' title="bbox 315 718 338 752">
    <p class='ocr_par' dir='ltr' id='par_1_2' title="bbox 315 718 338 752">
     <span class='ocr_line' id='line_1_2' title="bbox 315 718 338 752; baseline 0 0"><span class='ocrx_word' id='word_1_2' title='bbox 315 718 338 752; x_wconf 76' lang='lat'>2</span> 
     </span>
    </p>
   </div>
   <div class='ocr_carea' id='block_1_3' title="bbox 791 303 1223 332">
    <p class='ocr_par' dir='ltr' id='par_1_3' title="bbox 791 303 1223 332">
     <span class='ocr_line' id='line_1_3' title="bbox 791 303 1223 332; baseline -0.005 0"><span class='ocrx_word' id='word_1_3' title='bbox 791 303 1223 332; x_wconf 80' lang='lat' dir='ltr'>CONSTITUTIONUM</span> 
     </span>
    </p>
   </div>
   <div class='ocr_carea' id='block_1_4' title="bbox 369 411 1751 2842">
    <p class='ocr_par' dir='ltr' id='par_1_4' title="bbox 370 411 1742 692">
     <span class='ocr_line' id='line_1_4' title="bbox 371 411 1742 465; baseline -0.001 -10"><span class='ocrx_word' id='word_1_4' title='bbox 371 414 524 456; x_wconf 88' lang='lat' dir='ltr'>sacello</span> <span class='ocrx_word' id='word_1_5' title='bbox 547 414 715 465; x_wconf 83' lang='lat' dir='ltr'>domus,</span> <span class='ocrx_word' id='word_1_6' title='bbox 738 419 812 454; x_wconf 91' lang='lat' dir='ltr'>aut</span> <span class='ocrx_word' id='word_1_7' title='bbox 833 413 914 454; x_wconf 85' lang='lat' dir='ltr'>alio</span> <span class='ocrx_word' id='word_1_8' title='bbox 936 413 1105 454; x_wconf 89' lang='lat' dir='ltr'>decenti</span> <span class='ocrx_word' id='word_1_9' title='bbox 1130 414 1239 464; x_wconf 88' lang='lat' dir='ltr'>loeo,</span> <span class='ocrx_word' id='word_1_10' title='bbox 1262 426 1404 454; x_wconf 88' lang='lat' dir='ltr'>coram</span> <span class='ocrx_word' id='word_1_11' title='bbox 1428 411 1676 453; x_wconf 83' lang='lat' dir='ltr'>domesticis</span> <span class='ocrx_word' id='word_1_12' title='bbox 1699 420 1742 453; x_wconf 92' lang='lat' dir='ltr'>et</span> 
     </span>
     <span class='ocr_line' id='line_1_5' title="bbox 371 486 1741 543; baseline -0.003 -13"><span class='ocrx_word' id='word_1_13' title='bbox 371 488 572 540; x_wconf 84' lang='lat' dir='ltr'>externis,</span> <span class='ocrx_word' id='word_1_14' title='bbox 603 488 677 543; x_wconf 91' lang='lat' dir='ltr'>qui</span> <span class='ocrx_word' id='word_1_15' title='bbox 708 488 905 538; x_wconf 86' lang='lat' dir='ltr'>aderunt,</span> <span class='ocrx_word' id='word_1_16' title='bbox 934 488 978 528; x_wconf 91' lang='lat' dir='ltr'>in</span> <span class='ocrx_word' id='word_1_17' title='bbox 1007 487 1206 528; x_wconf 86' lang='lat' dir='ltr'>manibus</span> <span class='ocrx_word' id='word_1_18' title='bbox 1233 486 1340 542; x_wconf 87' lang='lat' dir='ltr'>ejus,</span> <span class='ocrx_word' id='word_1_19' title='bbox 1367 487 1440 541; x_wconf 87' lang='lat' dir='ltr'>qui</span> <span class='ocrx_word' id='word_1_20' title='bbox 1475 486 1741 527; x_wconf 76' lang='lat' dir='ltr'>admissurus</span> 
     </span>
     <span class='ocr_line' id='line_1_6' title="bbox 371 561 1741 616; baseline -0.003 -11"><span class='ocrx_word' id='word_1_21' title='bbox 371 564 441 615; x_wconf 89' lang='lat' dir='ltr'>sit,</span> <span class='ocrx_word' id='word_1_22' title='bbox 462 571 611 605; x_wconf 87' lang='lat' dir='ltr'>votum</span> <span class='ocrx_word' id='word_1_23' title='bbox 641 577 768 603; x_wconf 91' lang='lat' dir='ltr'>suum</span> <span class='ocrx_word' id='word_1_24' title='bbox 790 562 990 603; x_wconf 82' lang='lat' dir='ltr'><strong>emittent</strong></span> <span class='ocrx_word' id='word_1_25' title='bbox 1017 562 1062 602; x_wconf 93' lang='lat' dir='ltr'>in</span> <span class='ocrx_word' id='word_1_26' title='bbox 1090 562 1170 602; x_wconf 87' lang='lat' dir='ltr'>hac</span> <span class='ocrx_word' id='word_1_27' title='bbox 1192 561 1391 612; x_wconf 85' lang='lat' dir='ltr'>formula,</span> <span class='ocrx_word' id='word_1_28' title='bbox 1414 575 1511 615; x_wconf 88' lang='lat' dir='ltr'>quae</span> <span class='ocrx_word' id='word_1_29' title='bbox 1534 564 1741 616; x_wconf 89' lang='lat' dir='ltr'>sequitur,</span> 
     </span>
     <span class='ocr_line' id='line_1_7' title="bbox 370 638 652 692; baseline -0.004 -14"><span class='ocrx_word' id='word_1_30' title='bbox 370 638 415 679; x_wconf 94' lang='lat' dir='ltr'>id</span> <span class='ocrx_word' id='word_1_31' title='bbox 434 638 626 692; x_wconf 82' lang='lat' dir='ltr'>legentes</span> <span class='ocrx_word' id='word_1_32' title='bbox 642 654 652 687; x_wconf 82' lang='lat'><em>3</em></span> 
     </span>
    </p>

    <p class='ocr_par' dir='ltr' id='par_1_5' title="bbox 369 707 1743 1572">
     <span class='ocr_line' id='line_1_8' title="bbox 371 707 1740 766; baseline -0.002 -14"><span class='ocrx_word' id='word_1_33' title='bbox 371 713 480 766; x_wconf 80' lang='lat' dir='ltr'>Ego.</span> <span class='ocrx_word' id='word_1_34' title='bbox 504 711 560 751; x_wconf 92' lang='lat' dir='ltr'>N.</span> <span class='ocrx_word' id='word_1_35' title='bbox 589 709 794 765; x_wconf 83' lang='lat' dir='ltr'>promitto</span> <span class='ocrx_word' id='word_1_36' title='bbox 826 707 1114 763; x_wconf 79' lang='lat' dir='ltr'>omnipotenti</span> <span class='ocrx_word' id='word_1_37' title='bbox 1146 708 1241 748; x_wconf 90' lang='lat' dir='ltr'>Deo</span> <span class='ocrx_word' id='word_1_38' title='bbox 1272 721 1416 748; x_wconf 86' lang='lat' dir='ltr'>coram</span> <span class='ocrx_word' id='word_1_39' title='bbox 1448 707 1540 762; x_wconf 89' lang='lat' dir='ltr'>ejus</span> <span class='ocrx_word' id='word_1_40' title='bbox 1562 707 1740 762; x_wconf 85' lang='lat' dir='ltr'>Virgine</span> 
     </span>
     <span class='ocr_line' id='line_1_9' title="bbox 369 781 1741 837; baseline -0.004 -10"><span class='ocrx_word' id='word_1_41' title='bbox 369 794 520 837; x_wconf 89' lang='lat' dir='ltr'>matre,</span> <span class='ocrx_word' id='word_1_42' title='bbox 545 793 588 826; x_wconf 90' lang='lat' dir='ltr'>et</span> <span class='ocrx_word' id='word_1_43' title='bbox 613 792 704 825; x_wconf 87' lang='lat' dir='ltr'>tota</span> <span class='ocrx_word' id='word_1_44' title='bbox 736 783 897 825; x_wconf 87' lang='lat' dir='ltr'>eoelesti</span> <span class='ocrx_word' id='word_1_45' title='bbox 930 783 1061 834; x_wconf 86' lang='lat' dir='ltr'>curia,</span> <span class='ocrx_word' id='word_1_46' title='bbox 1094 790 1137 823; x_wconf 93' lang='lat' dir='ltr'>et</span> <span class='ocrx_word' id='word_1_47' title='bbox 1167 782 1246 823; x_wconf 90' lang='lat' dir='ltr'>tibi</span> <span class='ocrx_word' id='word_1_48' title='bbox 1279 783 1330 823; x_wconf 85' lang='lat' dir='ltr'>R.</span> <span class='ocrx_word' id='word_1_49' title='bbox 1364 781 1482 823; x_wconf 84' lang='lat' dir='ltr'>Patri</span> <span class='ocrx_word' id='word_1_50' title='bbox 1505 782 1741 837; x_wconf 79' lang='lat' dir='ltr'>Praeposito</span> 
     </span>
     <span class='ocr_line' id='line_1_10' title="bbox 373 856 1741 908; baseline -0.004 -6"><span class='ocrx_word' id='word_1_51' title='bbox 373 860 574 902; x_wconf 88' lang='lat' dir='ltr'>Generali</span> <span class='ocrx_word' id='word_1_52' title='bbox 597 859 822 901; x_wconf 86' lang='lat' dir='ltr'>Societatis</span> <span class='ocrx_word' id='word_1_53' title='bbox 843 858 872 900; x_wconf 85' lang='lat' dir='ltr'>J</span> <span class='ocrx_word' id='word_1_54' title='bbox 875 873 952 899; x_wconf 90' lang='lat' dir='ltr'>esu</span> <span class='ocrx_word' id='word_1_55' title='bbox 974 860 1106 899; x_wconf 79' lang='lat' dir='ltr'>locum</span> <span class='ocrx_word' id='word_1_56' title='bbox 1126 858 1209 898; x_wconf 73' lang='lat' dir='ltr'>Dei</span> <span class='ocrx_word' id='word_1_57' title='bbox 1231 858 1402 908; x_wconf 75' lang='lat' dir='ltr'>tenenti,</span> <span class='ocrx_word' id='word_1_58' title='bbox 1419 864 1463 898; x_wconf 91' lang='lat' dir='ltr'>et</span> <span class='ocrx_word' id='word_1_59' title='bbox 1484 856 1741 898; x_wconf 87' lang='lat' dir='ltr'>successori-</span> 
     </span>
     <span class='ocr_line' id='line_1_11' title="bbox 370 931 1741 986; baseline -0.004 -10"><span class='ocrx_word' id='word_1_60' title='bbox 370 936 452 976; x_wconf 89' lang='lat' dir='ltr'>bus</span> <span class='ocrx_word' id='word_1_61' title='bbox 488 934 603 985; x_wconf 85' lang='lat' dir='ltr'>tuis3</span> <span class='ocrx_word' id='word_1_62' title='bbox 649 933 716 975; x_wconf 87' lang='lat' dir='ltr'>vel</span> <span class='ocrx_word' id='word_1_63' title='bbox 749 933 827 974; x_wconf 91' lang='lat' dir='ltr'>tibi</span> <span class='ocrx_word' id='word_1_64' title='bbox 861 933 914 974; x_wconf 91' lang='lat' dir='ltr'>R.</span> <span class='ocrx_word' id='word_1_65' title='bbox 954 933 1070 973; x_wconf 84' lang='lat' dir='ltr'>Patri</span> <span class='ocrx_word' id='word_1_66' title='bbox 1110 931 1202 973; x_wconf 89' lang='lat' dir='ltr'>vice</span> <span class='ocrx_word' id='word_1_67' title='bbox 1246 931 1472 986; x_wconf 86' lang='lat' dir='ltr'>Praepositi</span> <span class='ocrx_word' id='word_1_68' title='bbox 1516 931 1741 972; x_wconf 83' lang='lat' dir='ltr'>Generalis</span> 
     </span>
     <span class='ocr_line' id='line_1_12' title="bbox 373 1005 1741 1061; baseline -0.004 -11"><span class='ocrx_word' id='word_1_69' title='bbox 373 1008 597 1050; x_wconf 87' lang='lat' dir='ltr'>Societatis</span> <span class='ocrx_word' id='word_1_70' title='bbox 618 1008 740 1060; x_wconf 87' lang='lat' dir='ltr'>Jesu,</span> <span class='ocrx_word' id='word_1_71' title='bbox 769 1016 812 1048; x_wconf 87' lang='lat' dir='ltr'>et</span> <span class='ocrx_word' id='word_1_72' title='bbox 843 1021 1139 1048; x_wconf 84' lang='lat' dir='ltr'>suceessorum</span> <span class='ocrx_word' id='word_1_73' title='bbox 1165 1005 1272 1061; x_wconf 83' lang='lat' dir='ltr'>ejus,</span> <span class='ocrx_word' id='word_1_74' title='bbox 1305 1007 1436 1046; x_wconf 80' lang='lat' dir='ltr'>locum</span> <span class='ocrx_word' id='word_1_75' title='bbox 1464 1006 1546 1046; x_wconf 81' lang='lat' dir='ltr'>Dez&#39;</span> <span class='ocrx_word' id='word_1_76' title='bbox 1572 1007 1741 1057; x_wconf 77' lang='lat' dir='ltr'>tenenti,</span> 
     </span>
     <span class='ocr_line' id='line_1_13' title="bbox 372 1078 1741 1139; baseline -0.004 -15"><span class='ocrx_word' id='word_1_77' title='bbox 372 1091 624 1139; x_wconf 86' lang='lat' dir='ltr'>perpetuam</span> <span class='ocrx_word' id='word_1_78' title='bbox 647 1083 965 1137; x_wconf 76' lang='lat' dir='ltr'>Paupertatem,</span> <span class='ocrx_word' id='word_1_79' title='bbox 989 1080 1259 1131; x_wconf 87' lang='lat' dir='ltr'>Castitatem,</span> <span class='ocrx_word' id='word_1_80' title='bbox 1281 1086 1323 1120; x_wconf 90' lang='lat' dir='ltr'>et</span> <span class='ocrx_word' id='word_1_81' title='bbox 1355 1078 1677 1130; x_wconf 88' lang='lat' dir='ltr'>Obedientiam,</span> <span class='ocrx_word' id='word_1_82' title='bbox 1699 1087 1741 1119; x_wconf 90' lang='lat' dir='ltr'>et</span> 
     </span>
     <span class='ocr_line' id='line_1_14' title="bbox 373 1154 1742 1210; baseline -0.004 -11"><span class='ocrx_word' id='word_1_83' title='bbox 373 1159 611 1200; x_wconf 87' lang='lat' dir='ltr'>secundum</span> <span class='ocrx_word' id='word_1_84' title='bbox 634 1172 742 1208; x_wconf 89' lang='lat' dir='ltr'>cam,</span> <span class='ocrx_word' id='word_1_85' title='bbox 772 1157 1023 1210; x_wconf 76' lang='lat' dir='ltr'>peculiarem</span> <span class='ocrx_word' id='word_1_86' title='bbox 1045 1168 1188 1196; x_wconf 77' lang='lat' dir='ltr'>curam</span> <span class='ocrx_word' id='word_1_87' title='bbox 1209 1155 1323 1195; x_wconf 73' lang='lat' dir='ltr'>circa</span> <span class='ocrx_word' id='word_1_88' title='bbox 1350 1167 1581 1207; x_wconf 78' lang='lat' dir='ltr'>puerorum</span> <span class='ocrx_word' id='word_1_89' title='bbox 1603 1154 1742 1194; x_wconf 79' lang='lat' dir='ltr'>erudi-</span> 
     </span>
     <span class='ocr_line' id='line_1_15' title="bbox 373 1226 1742 1286; baseline -0.004 -13"><span class='ocrx_word' id='word_1_90' title='bbox 373 1235 537 1282; x_wconf 76' lang='lat' dir='ltr'>tionem,</span> <span class='ocrx_word' id='word_1_91' title='bbox 561 1231 689 1286; x_wconf 83' lang='lat' dir='ltr'>juxta</span> <span class='ocrx_word' id='word_1_92' title='bbox 716 1231 894 1271; x_wconf 92' lang='lat' dir='ltr'>modum</span> <span class='ocrx_word' id='word_1_93' title='bbox 927 1230 969 1269; x_wconf 93' lang='lat' dir='ltr'>in</span> <span class='ocrx_word' id='word_1_94' title='bbox 1003 1229 1156 1270; x_wconf 85' lang='lat' dir='ltr'>litteris</span> <span class='ocrx_word' id='word_1_95' title='bbox 1188 1227 1466 1282; x_wconf 80' lang='lat' dir='ltr'>ApostoliciS,</span> <span class='ocrx_word' id='word_1_96' title='bbox 1497 1234 1540 1268; x_wconf 91' lang='lat' dir='ltr'>et</span> <span class='ocrx_word' id='word_1_97' title='bbox 1569 1226 1742 1268; x_wconf 87' lang='lat' dir='ltr'>Consti-</span> 
     </span>
     <span class='ocr_line' id='line_1_16' title="bbox 371 1300 1742 1357; baseline -0.006 -9"><span class='ocrx_word' id='word_1_98' title='bbox 371 1306 613 1348; x_wconf 87' lang='lat' dir='ltr'>tutionibus</span> <span class='ocrx_word' id='word_1_99' title='bbox 646 1305 772 1345; x_wconf 81' lang='lat' dir='ltr'>dictae</span> <span class='ocrx_word' id='word_1_100' title='bbox 796 1303 1021 1346; x_wconf 81' lang='lat' dir='ltr'>Societatis</span> <span class='ocrx_word' id='word_1_101' title='bbox 1044 1316 1321 1357; x_wconf 81' lang='lat' dir='ltr'>expressum3</span> <span class='ocrx_word' id='word_1_102' title='bbox 1354 1302 1519 1352; x_wconf 82' lang='lat' dir='ltr'>Romae,</span> <span class='ocrx_word' id='word_1_103' title='bbox 1539 1300 1607 1341; x_wconf 91' lang='lat' dir='ltr'>vel</span> <span class='ocrx_word' id='word_1_104' title='bbox 1628 1300 1742 1351; x_wconf 88' lang='lat' dir='ltr'>alibi,</span> 
     </span>
     <span class='ocr_line' id='line_1_17' title="bbox 373 1375 1743 1431; baseline -0.006 -9"><span class='ocrx_word' id='word_1_105' title='bbox 373 1381 417 1422; x_wconf 92' lang='lat' dir='ltr'>in</span> <span class='ocrx_word' id='word_1_106' title='bbox 440 1380 514 1422; x_wconf 89' lang='lat' dir='ltr'>tali</span> <span class='ocrx_word' id='word_1_107' title='bbox 541 1380 649 1431; x_wconf 87' lang='lat' dir='ltr'>loco,</span> <span class='ocrx_word' id='word_1_108' title='bbox 678 1378 760 1430; x_wconf 88' lang='lat' dir='ltr'>die,</span> <span class='ocrx_word' id='word_1_109' title='bbox 785 1392 947 1427; x_wconf 89' lang='lat' dir='ltr'>mense,</span> <span class='ocrx_word' id='word_1_110' title='bbox 973 1384 1016 1417; x_wconf 90' lang='lat' dir='ltr'>et</span> <span class='ocrx_word' id='word_1_111' title='bbox 1047 1390 1174 1416; x_wconf 84' lang='lat' dir='ltr'>anno.</span> <span class='ocrx_word' id='word_1_112' title='bbox 1236 1375 1427 1416; x_wconf 88' lang='lat' dir='ltr'>Demum</span> <span class='ocrx_word' id='word_1_113' title='bbox 1457 1381 1599 1415; x_wconf 89' lang='lat' dir='ltr'>sumat</span> <span class='ocrx_word' id='word_1_114' title='bbox 1621 1388 1743 1415; x_wconf 89' lang='lat' dir='ltr'>sanc-</span> 
     </span>
     <span class='ocr_line' id='line_1_18' title="bbox 374 1448 1743 1507; baseline -0.006 -11"><span class='ocrx_word' id='word_1_115' title='bbox 374 1455 589 1497; x_wconf 90' lang='lat' dir='ltr'>tissimum</span> <span class='ocrx_word' id='word_1_116' title='bbox 613 1452 776 1495; x_wconf 82' lang='lat' dir='ltr'>Christi</span> <span class='ocrx_word' id='word_1_117' title='bbox 798 1465 979 1507; x_wconf 72' lang='lat' dir='ltr'>corpus,</span> <span class='ocrx_word' id='word_1_118' title='bbox 1012 1458 1054 1491; x_wconf 89' lang='lat' dir='ltr'>et</span> <span class='ocrx_word' id='word_1_119' title='bbox 1081 1450 1186 1491; x_wconf 85' lang='lat' dir='ltr'>fient</span> <span class='ocrx_word' id='word_1_120' title='bbox 1217 1448 1395 1504; x_wconf 85' lang='lat' dir='ltr'>reliqua,</span> <span class='ocrx_word' id='word_1_121' title='bbox 1426 1462 1523 1503; x_wconf 87' lang='lat' dir='ltr'>quae</span> <span class='ocrx_word' id='word_1_122' title='bbox 1554 1448 1608 1489; x_wconf 88' lang='lat' dir='ltr'>de</span> <span class='ocrx_word' id='word_1_123' title='bbox 1641 1448 1743 1489; x_wconf 92' lang='lat' dir='ltr'>Pro-</span> 
     </span>
     <span class='ocr_line' id='line_1_19' title="bbox 374 1529 772 1572; baseline -0.01 0"><span class='ocrx_word' id='word_1_124' title='bbox 374 1530 498 1572; x_wconf 87' lang='lat' dir='ltr'>fessis</span> <span class='ocrx_word' id='word_1_125' title='bbox 520 1529 636 1570; x_wconf 87' lang='lat' dir='ltr'>dicta</span> <span class='ocrx_word' id='word_1_126' title='bbox 657 1536 772 1569; x_wconf 90' lang='lat' dir='ltr'>sunt.</span> 
     </span>
    </p>

    <p class='ocr_par' dir='ltr' id='par_1_6' title="bbox 376 1595 1744 1796">
     <span class='ocr_line' id='line_1_20' title="bbox 377 1595 1744 1656; baseline -0.007 -10"><span class='ocrx_word' id='word_1_127' title='bbox 377 1604 579 1646; x_wconf 83' lang='lat' dir='ltr'>Formula</span> <span class='ocrx_word' id='word_1_128' title='bbox 609 1603 664 1644; x_wconf 88' lang='lat' dir='ltr'>ad</span> <span class='ocrx_word' id='word_1_129' title='bbox 696 1601 978 1656; x_wconf 86' lang='lat' dir='ltr'>Coadjutores</span> <span class='ocrx_word' id='word_1_130' title='bbox 1012 1601 1054 1640; x_wconf 90' lang='lat' dir='ltr'>in</span> <span class='ocrx_word' id='word_1_131' title='bbox 1089 1599 1219 1640; x_wconf 90' lang='lat' dir='ltr'>rebus</span> <span class='ocrx_word' id='word_1_132' title='bbox 1253 1596 1564 1653; x_wconf 80' lang='lat' dir='ltr'>temporalibus</span> <span class='ocrx_word' id='word_1_133' title='bbox 1589 1595 1744 1637; x_wconf 89' lang='lat' dir='ltr'>admit-</span> 
     </span>
     <span class='ocr_line' id='line_1_21' title="bbox 376 1671 1744 1726; baseline -0.007 -6"><span class='ocrx_word' id='word_1_134' title='bbox 376 1679 528 1721; x_wconf 90' lang='lat' dir='ltr'>tendos</span> <span class='ocrx_word' id='word_1_135' title='bbox 550 1677 698 1718; x_wconf 91' lang='lat' dir='ltr'>eadem</span> <span class='ocrx_word' id='word_1_136' title='bbox 721 1675 813 1726; x_wconf 90' lang='lat' dir='ltr'>erit,</span> <span class='ocrx_word' id='word_1_137' title='bbox 836 1674 1027 1715; x_wconf 81' lang='lat' dir='ltr'>clausula</span> <span class='ocrx_word' id='word_1_138' title='bbox 1055 1673 1127 1713; x_wconf 90' lang='lat' dir='ltr'>illa</span> <span class='ocrx_word' id='word_1_139' title='bbox 1152 1674 1201 1714; x_wconf 80' lang='lat' dir='ltr'>de</span> <span class='ocrx_word' id='word_1_140' title='bbox 1227 1685 1457 1725; x_wconf 77' lang='lat' dir='ltr'>puerorum</span> <span class='ocrx_word' id='word_1_141' title='bbox 1483 1671 1744 1711; x_wconf 73' lang='lat' dir='ltr'>institutione</span> 
     </span>
     <span class='ocr_line' id='line_1_22' title="bbox 376 1754 712 1796; baseline -0.018 0"><span class='ocrx_word' id='word_1_142' title='bbox 376 1754 515 1796; x_wconf 91' lang='lat' dir='ltr'>solum</span> <span class='ocrx_word' id='word_1_143' title='bbox 536 1758 712 1792; x_wconf 85' lang='lat' dir='ltr'>remota.</span> 
     </span>
    </p>

    <p class='ocr_par' dir='ltr' id='par_1_7' title="bbox 376 1818 1751 2842">
     <span class='ocr_line' id='line_1_23' title="bbox 378 1818 1744 1882; baseline -0.009 -12"><span class='ocrx_word' id='word_1_144' title='bbox 378 1828 480 1878; x_wconf 70' lang='lat' dir='ltr'>Qui,</span> <span class='ocrx_word' id='word_1_145' title='bbox 509 1833 680 1882; x_wconf 85' lang='lat' dir='ltr'>peracta</span> <span class='ocrx_word' id='word_1_146' title='bbox 706 1838 783 1864; x_wconf 84' lang='lat' dir='ltr'>sua</span> <span class='ocrx_word' id='word_1_147' title='bbox 812 1822 943 1878; x_wconf 80' lang='lat' dir='ltr'>priori</span> <span class='ocrx_word' id='word_1_148' title='bbox 976 1820 1227 1876; x_wconf 86' lang='lat' dir='ltr'>probatione</span> <span class='ocrx_word' id='word_1_149' title='bbox 1256 1828 1298 1860; x_wconf 92' lang='lat' dir='ltr'>et</span> <span class='ocrx_word' id='word_1_150' title='bbox 1330 1818 1634 1874; x_wconf 86' lang='lat' dir='ltr'>experimentis</span> <span class='ocrx_word' id='word_1_151' title='bbox 1667 1832 1744 1872; x_wconf 90' lang='lat' dir='ltr'>per</span> 
     </span>
     <span class='ocr_line' id='line_1_24' title="bbox 376 1890 1745 1948; baseline -0.009 -4"><span class='ocrx_word' id='word_1_152' title='bbox 376 1901 600 1944; x_wconf 88' lang='lat' dir='ltr'>biennium</span> <span class='ocrx_word' id='word_1_153' title='bbox 622 1898 713 1940; x_wconf 87' lang='lat' dir='ltr'>fieri</span> <span class='ocrx_word' id='word_1_154' title='bbox 736 1897 886 1948; x_wconf 86' lang='lat' dir='ltr'>solitis,</span> <span class='ocrx_word' id='word_1_155' title='bbox 914 1897 958 1936; x_wconf 90' lang='lat' dir='ltr'>in</span> <span class='ocrx_word' id='word_1_156' title='bbox 981 1894 1268 1937; x_wconf 86' lang='lat' dir='ltr'>Scholasticos</span> <span class='ocrx_word' id='word_1_157' title='bbox 1300 1892 1559 1948; x_wconf 87' lang='lat' dir='ltr'>approbatos</span> <span class='ocrx_word' id='word_1_158' title='bbox 1590 1890 1745 1932; x_wconf 87' lang='lat' dir='ltr'>admit-</span> 
     </span>
     <span class='ocr_line' id='line_1_25' title="bbox 378 1966 1745 2028; baseline -0.01 -9"><span class='ocrx_word' id='word_1_159' title='bbox 378 1982 544 2028; x_wconf 88' lang='lat' dir='ltr'>tuntur,</span> <span class='ocrx_word' id='word_1_160' title='bbox 561 1989 704 2016; x_wconf 86' lang='lat' dir='ltr'>coram</span> <span class='ocrx_word' id='word_1_161' title='bbox 726 1972 940 2027; x_wconf 85' lang='lat' dir='ltr'>aliquibus</span> <span class='ocrx_word' id='word_1_162' title='bbox 963 1969 1223 2020; x_wconf 70' lang='lat' dir='ltr'>domesticis,</span> <span class='ocrx_word' id='word_1_163' title='bbox 1238 1967 1419 2023; x_wconf 88' lang='lat' dir='ltr'>quanvis</span> <span class='ocrx_word' id='word_1_164' title='bbox 1440 1981 1529 2008; x_wconf 90' lang='lat' dir='ltr'>non</span> <span class='ocrx_word' id='word_1_165' title='bbox 1550 1966 1595 2006; x_wconf 91' lang='lat' dir='ltr'>in</span> <span class='ocrx_word' id='word_1_166' title='bbox 1609 1966 1745 2007; x_wconf 89' lang='lat' dir='ltr'>mani-</span> 
     </span>
     <span class='ocr_line' id='line_1_26' title="bbox 376 2041 1617 2106; baseline -0.01 -12"><span class='ocrx_word' id='word_1_167' title='bbox 376 2053 459 2094; x_wconf 89' lang='lat' dir='ltr'>bus</span> <span class='ocrx_word' id='word_1_168' title='bbox 481 2050 751 2106; x_wconf 87' lang='lat' dir='ltr'>cujusquam,</span> <span class='ocrx_word' id='word_1_169' title='bbox 772 2053 873 2088; x_wconf 89' lang='lat' dir='ltr'>vota</span> <span class='ocrx_word' id='word_1_170' title='bbox 894 2060 971 2087; x_wconf 88' lang='lat' dir='ltr'>sua</span> <span class='ocrx_word' id='word_1_171' title='bbox 991 2045 1191 2086; x_wconf 90' lang='lat' dir='ltr'>emittent</span> <span class='ocrx_word' id='word_1_172' title='bbox 1212 2043 1266 2084; x_wconf 85' lang='lat' dir='ltr'>ad</span> <span class='ocrx_word' id='word_1_173' title='bbox 1286 2043 1403 2083; x_wconf 89' lang='lat' dir='ltr'>hunc</span> <span class='ocrx_word' id='word_1_174' title='bbox 1424 2041 1617 2082; x_wconf 88' lang='lat' dir='ltr'>modum.</span> 
     </span>
     <span class='ocr_line' id='line_1_27' title="bbox 381 2115 1745 2180; baseline -0.01 -12"><span class='ocrx_word' id='word_1_175' title='bbox 381 2125 672 2180; x_wconf 89' lang='lat' dir='ltr'>Omnipotens</span> <span class='ocrx_word' id='word_1_176' title='bbox 695 2121 953 2176; x_wconf 84' lang='lat' dir='ltr'>sempiterne</span> <span class='ocrx_word' id='word_1_177' title='bbox 975 2120 1111 2170; x_wconf 89' lang='lat' dir='ltr'>Deus,</span> <span class='ocrx_word' id='word_1_178' title='bbox 1133 2118 1244 2173; x_wconf 83' lang='lat' dir='ltr'>Ego.</span> <span class='ocrx_word' id='word_1_179' title='bbox 1261 2117 1319 2158; x_wconf 92' lang='lat' dir='ltr'>N.</span> <span class='ocrx_word' id='word_1_180' title='bbox 1335 2117 1436 2158; x_wconf 87' lang='lat' dir='ltr'>licet</span> <span class='ocrx_word' id='word_1_181' title='bbox 1455 2115 1745 2169; x_wconf 82' lang='lat' dir='ltr'>undecunque</span> 
     </span>
     <span class='ocr_line' id='line_1_28' title="bbox 381 2189 1745 2251; baseline -0.01 -8"><span class='ocrx_word' id='word_1_182' title='bbox 381 2201 525 2243; x_wconf 86' lang='lat' dir='ltr'>divino</span> <span class='ocrx_word' id='word_1_183' title='bbox 547 2206 622 2239; x_wconf 89' lang='lat' dir='ltr'>tuo</span> <span class='ocrx_word' id='word_1_184' title='bbox 644 2200 879 2251; x_wconf 87' lang='lat' dir='ltr'>conspectu</span> <span class='ocrx_word' id='word_1_185' title='bbox 900 2192 1240 2248; x_wconf 82' lang='lat' dir='ltr'>indignissimus,</span> <span class='ocrx_word' id='word_1_186' title='bbox 1260 2192 1396 2232; x_wconf 83' lang='lat' dir='ltr'>fretus</span> <span class='ocrx_word' id='word_1_187' title='bbox 1417 2198 1562 2232; x_wconf 90' lang='lat' dir='ltr'>tamen</span> <span class='ocrx_word' id='word_1_188' title='bbox 1587 2189 1745 2244; x_wconf 86' lang='lat' dir='ltr'>pietate</span> 
     </span>
     <span class='ocr_line' id='line_1_29' title="bbox 382 2261 1745 2321; baseline -0.01 -4"><span class='ocrx_word' id='word_1_189' title='bbox 382 2291 429 2317; x_wconf 88' lang='lat' dir='ltr'>ac</span> <span class='ocrx_word' id='word_1_190' title='bbox 454 2271 743 2316; x_wconf 84' lang='lat' dir='ltr'>misericordia</span> <span class='ocrx_word' id='word_1_191' title='bbox 776 2277 851 2310; x_wconf 89' lang='lat' dir='ltr'>tua</span> <span class='ocrx_word' id='word_1_192' title='bbox 885 2267 1069 2318; x_wconf 87' lang='lat' dir='ltr'>infinita,</span> <span class='ocrx_word' id='word_1_193' title='bbox 1103 2275 1144 2307; x_wconf 88' lang='lat' dir='ltr'>et</span> <span class='ocrx_word' id='word_1_194' title='bbox 1180 2266 1393 2321; x_wconf 85' lang='lat' dir='ltr'>impulsus</span> <span class='ocrx_word' id='word_1_195' title='bbox 1424 2264 1502 2306; x_wconf 89' lang='lat' dir='ltr'>tibi</span> <span class='ocrx_word' id='word_1_196' title='bbox 1535 2261 1745 2305; x_wconf 88' lang='lat' dir='ltr'>serviendi</span> 
     </span>
     <span class='ocr_line' id='line_1_30' title="bbox 381 2337 1747 2395; baseline -0.011 -3"><span class='ocrx_word' id='word_1_197' title='bbox 381 2348 589 2392; x_wconf 88' lang='lat' dir='ltr'>desiderio</span> <span class='ocrx_word' id='word_1_198' title='bbox 621 2360 754 2388; x_wconf 84' lang='lat' dir='ltr'>voveo</span> <span class='ocrx_word' id='word_1_199' title='bbox 790 2358 932 2384; x_wconf 87' lang='lat' dir='ltr'>coram</span> <span class='ocrx_word' id='word_1_200' title='bbox 980 2341 1264 2382; x_wconf 85' lang='lat' dir='ltr'>sacratissima</span> <span class='ocrx_word' id='word_1_201' title='bbox 1298 2340 1475 2395; x_wconf 85' lang='lat' dir='ltr'>Virgine</span> <span class='ocrx_word' id='word_1_202' title='bbox 1517 2337 1672 2389; x_wconf 88' lang='lat' dir='ltr'>Maria,</span> <span class='ocrx_word' id='word_1_203' title='bbox 1704 2344 1747 2377; x_wconf 89' lang='lat' dir='ltr'>et</span> 
     </span>
     <span class='ocr_line' id='line_1_31' title="bbox 381 2412 1748 2469; baseline -0.01 -4"><span class='ocrx_word' id='word_1_204' title='bbox 381 2424 498 2466; x_wconf 86' lang='lat' dir='ltr'>curia</span> <span class='ocrx_word' id='word_1_205' title='bbox 517 2428 593 2463; x_wconf 85' lang='lat' dir='ltr'>tua</span> <span class='ocrx_word' id='word_1_206' title='bbox 614 2419 775 2461; x_wconf 87' lang='lat' dir='ltr'>coelesti</span> <span class='ocrx_word' id='word_1_207' title='bbox 801 2418 999 2459; x_wconf 82' lang='lat' dir='ltr'>universa</span> <span class='ocrx_word' id='word_1_208' title='bbox 1030 2415 1184 2456; x_wconf 76' lang='lat' dir='ltr'>divinae</span> <span class='ocrx_word' id='word_1_209' title='bbox 1208 2413 1428 2469; x_wconf 85' lang='lat' dir='ltr'>Majestati</span> <span class='ocrx_word' id='word_1_210' title='bbox 1449 2420 1536 2454; x_wconf 84' lang='lat' dir='ltr'>tuae</span> <span class='ocrx_word' id='word_1_211' title='bbox 1559 2412 1748 2466; x_wconf 83' lang='lat' dir='ltr'>Pauper-</span> 
     </span>
     <span class='ocr_line' id='line_1_32' title="bbox 382 2484 1748 2550; baseline -0.011 -9"><span class='ocrx_word' id='word_1_212' title='bbox 382 2506 530 2550; x_wconf 84' lang='lat' dir='ltr'>tatem,</span> <span class='ocrx_word' id='word_1_213' title='bbox 554 2495 823 2545; x_wconf 84' lang='lat' dir='ltr'>Castitatem,</span> <span class='ocrx_word' id='word_1_214' title='bbox 845 2500 886 2534; x_wconf 90' lang='lat' dir='ltr'>et</span> <span class='ocrx_word' id='word_1_215' title='bbox 919 2490 1221 2533; x_wconf 86' lang='lat' dir='ltr'>Obedientiam</span> <span class='ocrx_word' id='word_1_216' title='bbox 1252 2495 1506 2545; x_wconf 89' lang='lat' dir='ltr'>perpetuam</span> <span class='ocrx_word' id='word_1_217' title='bbox 1536 2487 1582 2528; x_wconf 91' lang='lat' dir='ltr'>in</span> <span class='ocrx_word' id='word_1_218' title='bbox 1605 2484 1748 2528; x_wconf 84' lang='lat' dir='ltr'>Socie-</span> 
     </span>
     <span class='ocr_line' id='line_1_33' title="bbox 384 2562 1749 2625; baseline -0.011 -9"><span class='ocrx_word' id='word_1_219' title='bbox 384 2583 470 2616; x_wconf 83' lang='lat' dir='ltr'>tate</span> <span class='ocrx_word' id='word_1_220' title='bbox 492 2573 613 2623; x_wconf 87' lang='lat' dir='ltr'>Jesu,</span> <span class='ocrx_word' id='word_1_221' title='bbox 635 2578 677 2612; x_wconf 89' lang='lat' dir='ltr'>et</span> <span class='ocrx_word' id='word_1_222' title='bbox 708 2568 912 2625; x_wconf 89' lang='lat' dir='ltr'>promitto</span> <span class='ocrx_word' id='word_1_223' title='bbox 943 2566 1121 2607; x_wconf 81' lang='lat' dir='ltr'>candem</span> <span class='ocrx_word' id='word_1_224' title='bbox 1146 2564 1401 2606; x_wconf 86' lang='lat' dir='ltr'>Societatem</span> <span class='ocrx_word' id='word_1_225' title='bbox 1432 2577 1500 2604; x_wconf 88' lang='lat' dir='ltr'>me</span> <span class='ocrx_word' id='word_1_226' title='bbox 1532 2562 1749 2617; x_wconf 85' lang='lat' dir='ltr'>ingressu-</span> 
     </span>
     <span class='ocr_line' id='line_1_34' title="bbox 385 2635 1749 2698; baseline -0.011 -9"><span class='ocrx_word' id='word_1_227' title='bbox 385 2663 507 2698; x_wconf 81' lang='lat' dir='ltr'>rum3</span> <span class='ocrx_word' id='word_1_228' title='bbox 538 2652 587 2686; x_wconf 88' lang='lat' dir='ltr'>ut</span> <span class='ocrx_word' id='word_1_229' title='bbox 607 2646 738 2686; x_wconf 79' lang='lat' dir='ltr'>vitam</span> <span class='ocrx_word' id='word_1_230' title='bbox 760 2644 804 2684; x_wconf 88' lang='lat' dir='ltr'>in</span> <span class='ocrx_word' id='word_1_231' title='bbox 827 2656 875 2683; x_wconf 89' lang='lat' dir='ltr'>ea</span> <span class='ocrx_word' id='word_1_232' title='bbox 896 2646 1104 2696; x_wconf 85' lang='lat' dir='ltr'>perpetuo</span> <span class='ocrx_word' id='word_1_233' title='bbox 1127 2640 1306 2695; x_wconf 79' lang='lat' dir='ltr'>degam3</span> <span class='ocrx_word' id='word_1_234' title='bbox 1329 2639 1465 2679; x_wconf 78' lang='lat' dir='ltr'>onmia</span> <span class='ocrx_word' id='word_1_235' title='bbox 1486 2635 1749 2688; x_wconf 57' lang='lat' dir='ltr'>iwitelliyemlo</span> 
     </span>
     <span class='ocr_line' id='line_1_35' title="bbox 376 2707 1751 2775; baseline -0.012 -12"><span class='ocrx_word' id='word_1_236' title='bbox 376 2724 506 2775; x_wconf 49' lang='grc' dir='ltr'>ΓῘαιυία</span> <span class='ocrx_word' id='word_1_237' title='bbox 534 2722 664 2773; x_wconf 67' lang='lat' dir='ltr'>ipsius</span> <span class='ocrx_word' id='word_1_238' title='bbox 692 2717 914 2759; x_wconf 70' lang='lat' dir='ltr'>societatis</span> <span class='ocrx_word' id='word_1_239' title='bbox 956 2715 1294 2755; x_wconf 53' lang='lat' dir='ltr'>Constitutione&amp;</span> <span class='ocrx_word' id='word_1_240' title='bbox 1355 2714 1396 2753; x_wconf 93' lang='lat' dir='ltr'><strong>A</strong></span> <span class='ocrx_word' id='word_1_241' title='bbox 1431 2718 1507 2752; x_wconf 82' lang='lat' dir='ltr'>tua</span> <span class='ocrx_word' id='word_1_242' title='bbox 1536 2722 1636 2763; x_wconf 84' lang='lat' dir='ltr'>ergo</span> <span class='ocrx_word' id='word_1_243' title='bbox 1672 2707 1751 2747; x_wconf 90' lang='lat' dir='ltr'>im-</span> 
     </span>
     <span class='ocr_line' id='line_1_36' title="bbox 386 2782 1751 2842; baseline -0.011 -5"><span class='ocrx_word' id='word_1_244' title='bbox 386 2810 533 2837; x_wconf 86' lang='lat' dir='ltr'>mensa</span> <span class='ocrx_word' id='word_1_245' title='bbox 554 2793 744 2835; x_wconf 86' lang='lat' dir='ltr'>bonitate</span> <span class='ocrx_word' id='word_1_246' title='bbox 768 2800 809 2833; x_wconf 86' lang='lat' dir='ltr'>et</span> <span class='ocrx_word' id='word_1_247' title='bbox 831 2789 1056 2832; x_wconf 83' lang='lat' dir='ltr'>clementia</span> <span class='ocrx_word' id='word_1_248' title='bbox 1078 2803 1154 2842; x_wconf 81' lang='lat' dir='ltr'>per</span> <span class='ocrx_word' id='word_1_249' title='bbox 1176 2787 1203 2829; x_wconf 89' lang='lat' dir='ltr'>J</span> <span class='ocrx_word' id='word_1_250' title='bbox 1208 2802 1283 2828; x_wconf 84' lang='lat' dir='ltr'>esu</span> <span class='ocrx_word' id='word_1_251' title='bbox 1306 2784 1469 2827; x_wconf 88' lang='lat' dir='ltr'>Christi</span> <span class='ocrx_word' id='word_1_252' title='bbox 1499 2782 1751 2837; x_wconf 86' lang='lat' dir='ltr'>sanguinem</span> 
     </span>
    </p>
   </div>
  </div>
 </body>
</html>
