1987 3374
165 768 213 804 11

171 1888 222 1924 13

696 349 816 375 PARs
852 349 879 378 Q
889 347 1068 374 UARTA.
1582 336 1635 371 43

246 463 478 505 utilitatem
521 460 777 511 doctrinam,
821 474 917 514 quae
968 458 1154 499 tenenda
1197 457 1285 508 sit3
1337 457 1410 511 qui
1454 458 1626 512 signum

247 537 377 579 etiam
409 537 482 578 det
513 535 693 577 finiendi
722 534 788 586 iis,
818 534 892 589 qui
922 533 1162 589 disputant,
1185 547 1232 573 ac
1265 539 1438 587 tempus
1462 530 1521 572 sic
1544 532 1628 571 dis-

249 612 437 663 tribuat3
470 619 520 652 ut
542 610 759 661 omnibus,
783 608 1020 664 quoadejus
1052 607 1144 649 fieri
1174 606 1345 662 poterit,
1378 605 1629 661 disputandi

248 687 370 729 locus
393 687 532 728 detur.

251 763 414 804 Praeter
434 763 527 804 haec
551 762 636 802 duo
655 759 999 816 disputationum
1018 758 1323 814 praedictarum
1339 772 1510 813 genera,
1525 772 1631 811 quo-

250 838 353 880 tidie
376 837 550 893 aliquod
571 845 745 891 tempus
768 835 1100 890 designandum,
1123 848 1207 888 quo
1229 833 1275 874 in
1299 832 1500 888 Collegiis
1522 847 1632 887 prae—

254 913 421 955 sidente
445 912 603 966 aliquo,
625 919 674 951 ut
707 910 908 961 diximus,
933 909 1202 964 disputetur3
1235 916 1284 948 ut
1316 922 1364 949 ea
1395 907 1558 948 ratione
1591 915 1633 947 et

247 987 423 1043 ingenia
442 986 581 1041 magis
604 991 898 1035 exerceantur,
921 991 963 1024 et
986 982 1188 1034 difficilia,
1210 997 1307 1037 quae
1339 982 1383 1022 in
1405 982 1473 1022 his
1494 981 1630 1021 facul-

252 1061 415 1103 tatibus
438 1065 680 1111 occurrent,
702 1059 840 1115 magis
864 1058 918 1099 ad
941 1057 1024 1099 Dei
1045 1056 1225 1113 gloriam
1247 1056 1531 1098 elucidentur.

254 1137 343 1181 Qui
369 1137 524 1179 litteris
558 1135 887 1177 humanioribus
915 1142 1085 1185 vacant,
1119 1148 1195 1174 sua
1227 1133 1356 1174 etiam
1389 1140 1501 1173 stata
1526 1140 1633 1173 tem-

255 1227 362 1268 pora
384 1212 439 1253 ad
460 1211 769 1253 conferendum
793 1218 836 1251 et
858 1209 1172 1265 disputandum
1205 1208 1256 1249 de
1287 1207 1354 1260 iis,
1377 1222 1473 1262 quae
1505 1206 1637 1262 perti-

253 1295 360 1328 nent
388 1287 443 1328 ad
477 1286 620 1327 studia
653 1286 739 1336 illa,
774 1299 917 1326 coram
953 1284 1111 1338 aliquo,
1141 1283 1216 1338 qui
1248 1282 1422 1324 eosdem
1454 1281 1634 1336 dirigere

252 1361 405 1417 possit,
426 1360 677 1401 habebunt:
711 1369 753 1400 et
777 1358 1034 1410 Dominicis,
1056 1358 1123 1398 vel
1152 1357 1243 1398 aliis
1276 1355 1523 1398 constitutis
1546 1355 1635 1396 die-

255 1436 338 1476 bus
376 1434 619 1476 alternatim
656 1434 723 1474 vel
760 1448 847 1474 suae
884 1432 1101 1474 facultatis
1134 1431 1370 1487 positiones
1405 1431 1428 1471 a
1455 1430 1636 1485 prandio

254 1509 510 1560 tuebuntur,
546 1508 614 1550 vel
651 1523 694 1549 se
729 1508 773 1548 in
811 1507 1112 1562 componendo
1147 1506 1348 1558 carmine,
1387 1513 1461 1546 aut
1496 1504 1635 1545 soluta

256 1584 448 1625 oratione
477 1582 764 1633 exercebunt3
809 1582 895 1622 sive
930 1582 973 1622 id
1006 1597 1056 1621 ex
1088 1587 1280 1636 tempore
1313 1579 1534 1635 proposito
1557 1578 1636 1619 ibi-

255 1658 355 1700 dem
377 1658 567 1699 themate
590 1657 645 1697 ad
667 1656 974 1712 explorandam
997 1654 1389 1710 promptitudinem
1412 1654 1515 1704 fiat3
1549 1652 1635 1694 sive

256 1732 375 1774 domi
397 1731 637 1787 composita
659 1731 710 1771 de
732 1746 776 1771 re
799 1730 918 1785 prius
941 1729 1162 1785 proposita
1184 1728 1268 1769 illic
1296 1728 1469 1783 publice
1489 1727 1637 1782 legan-

257 1815 341 1848 tur.
380 1823 383 1825 ·

257 1882 424 1924 Omnes
458 1882 647 1937 quidem,
685 1881 761 1921 sed
802 1880 1019 1935 praecipue
1057 1878 1362 1919 humaniorum
1398 1877 1636 1918 litterarum

257 1957 439 1999 studiosi
460 1956 593 1997 latine
613 1956 848 2009 loquantur
870 1954 1157 1996 communiter
1174 1970 1185 2004 3
1217 1959 1259 1993 et
1282 1952 1498 1994 memoriae
1522 1951 1638 2005 quod

258 2047 283 2073 a
316 2032 404 2072 suis
440 2030 665 2085 Magistris
708 2028 1010 2084 praescriptum
1053 2028 1195 2078 fuerit,
1234 2026 1553 2075 commendent,
1589 2039 1636 2065 ae

258 2105 421 2161 stylum
463 2105 508 2145 in
551 2103 938 2158 compositionibus
981 2102 1210 2157 diligenter
1252 2106 1475 2142 exerceant
1494 2116 1505 2150 3
1558 2113 1635 2139 nec

259 2180 370 2222 desit
404 2179 479 2235 qui
516 2179 677 2220 eisdem
715 2178 978 2233 corrigendis
1021 2192 1195 2232 operam
1239 2191 1361 2217 suam
1397 2175 1635 2230 impendat.

259 2255 430 2297 Licebit
451 2254 579 2296 etiam
600 2253 821 2295 nonnullis
846 2253 974 2309 juxta
1007 2252 1202 2293 Rectoris
1235 2251 1460 2292 arbitrium
1481 2258 1638 2305 praeter

258 2345 331 2372 eos
354 2330 572 2381 authores,
595 2329 669 2385 qui
690 2329 1001 2384 praeleguntur,
1024 2328 1234 2382 quosdam
1263 2327 1391 2368 etiam
1415 2326 1518 2367 alios
1550 2326 1636 2381 pri—

259 2412 358 2446 vato
392 2404 535 2445 studio
568 2404 736 2460 legere3
781 2412 823 2444 et
858 2402 1039 2458 singulis
1076 2401 1359 2443 hebdomadis
1397 2401 1463 2442 die
1493 2400 1635 2455 aliquo

260 2479 484 2535 designato
518 2494 632 2520 unus
666 2494 718 2520 ex
751 2477 1090 2534 provectioribus
1125 2478 1148 2517 ῖι
1183 2476 1365 2532 prandio
1399 2475 1636 2517 orationem

258 2553 436 2595 latinam
465 2563 539 2596 aut
572 2569 757 2610 graecam
792 2554 844 2594 de
880 2568 924 2594 re
954 2552 1096 2607 aliqua
1124 2551 1177 2592 ad
1202 2550 1531 2591 aedificationem
1560 2549 1636 2589 do-

254 2629 532 2670 mesticorum
564 2628 823 2683 pertinente,
860 2642 944 2682 qua
986 2627 1040 2667 ad
1081 2625 1334 2681 perfectiora
1366 2624 1410 2664 in
1446 2623 1635 2664 Domino

259 2703 521 2754 animentur,
542 2702 712 2743 habeat.

176 2783 227 2820 14
261 2779 473 2820 Praeterea
495 2777 668 2819 Artium
690 2785 731 2818 et
753 2776 1000 2832 Theologiae
1033 2775 1214 2816 studiosi
1245 2773 1536 2830 potissimum,
1559 2773 1634 2813 sed

261 2860 303 2894 et
325 2853 478 2908 reliqui
505 2867 632 2893 suum
664 2851 852 2894 habeant
883 2851 1099 2907 privatum
1133 2849 1325 2891 studium
1354 2858 1395 2890 et
1424 2849 1634 2904 quietum,
