1987 3374
181 675 231 712 13

182 1496 231 1531 14

729 335 850 361 PARS
886 333 1095 360 DECIMA.
1566 321 1646 368 127

263 447 393 488 tionis
419 452 599 501 vergant
635 448 699 499 (ut
738 446 798 486 sic
832 445 986 486 melius
1023 443 1239 485 observari
1268 443 1452 498 possint)
1489 443 1651 486 medio-

265 521 392 562 critas
415 521 606 562 conferet
634 521 689 562 ad
720 520 1007 570 durationem,
1030 527 1072 560 ct
1104 518 1239 560 totius
1272 517 1464 573 corporis
1495 518 1540 558 in
1573 533 1650 559 suo

265 604 382 637 statu
405 595 792 637 conservationem.

265 670 335 711 Ad
364 670 551 712 eundem
580 671 712 711 finem
741 670 883 722 faciet,
921 669 1160 724 generatim
1187 682 1350 719 curare,
1382 676 1432 709 ut
1460 681 1580 708 amor
1610 673 1653 708 et

265 744 452 786 charitas
495 745 690 786 omnium
743 744 873 785 etiam
925 751 1202 785 externorum
1245 757 1346 798 erga
1389 741 1652 784 Societatem

266 828 558 871 conservetm,
602 821 678 861 sed
719 835 867 860 corum
919 819 1176 874 praesertim,
1221 833 1405 873 quorum
1448 817 1652 859 voluntas

264 894 374 935 bene
397 901 471 935 aut
493 894 603 935 male
625 894 670 934 in
693 908 772 934 nos
795 893 947 934 affecta
976 893 1164 934 multum
1186 892 1317 933 habet
1348 892 1572 944 momenti,
1603 900 1652 933 ut

265 967 409 1008 aditus
443 968 498 1008 ad
535 967 732 1008 divinum
776 967 1049 1021 obsequium,
1087 974 1128 1007 et
1167 966 1408 1007 animarum
1445 966 1653 1007 auxilium

266 1041 495 1098 aperiatur,
526 1042 593 1083 vel
618 1041 927 1097 praecludatur.
992 1041 1044 1082 In
1075 1041 1171 1096 ipsa
1202 1055 1302 1082 vero
1335 1040 1549 1082 Societate
1581 1054 1654 1082 nec

264 1118 322 1158 sit
342 1131 416 1158 nec
445 1119 657 1158 sentiatur
689 1118 928 1158 animorum
958 1117 1180 1170 propensio
1212 1117 1270 1156 ad
1292 1120 1464 1168 partem
1495 1117 1654 1157 alteru—

267 1196 377 1233 tram
407 1192 636 1245 factionis,
673 1206 771 1247 quae
810 1200 923 1233 esset
959 1191 1154 1233 fortassis
1187 1191 1300 1232 inter
1331 1190 1555 1246 Principes
1587 1191 1655 1232 vel

267 1266 481 1308 Dominos
505 1266 804 1318 Christianos,
837 1267 913 1307 sed
937 1266 993 1307 sit
1015 1266 1161 1321 potius
1195 1265 1371 1321 quidam
1400 1265 1653 1307 universalis

266 1355 399 1392 amor,
413 1341 488 1396 qui
509 1350 654 1396 partes
678 1356 828 1382 omnes
850 1341 965 1394 (licet
988 1341 1069 1382 sibi
1091 1340 1276 1381 invicem
1300 1339 1528 1381 contrariae
1546 1339 1648 1393 sint)

266 1416 308 1456 in
333 1416 526 1457 DomIno
549 1424 698 1457 nostro
721 1416 1021 1471 amplectatur.

266 1490 295 1533 J
298 1491 436 1532 uverit
457 1492 587 1532 etiam
609 1492 858 1533 moderatus
883 1501 924 1532 et
954 1492 1147 1546 prudens
1179 1506 1285 1532 usus
1318 1492 1551 1546 gratiarum
1574 1506 1652 1547 per

267 1565 413 1606 sedem
426 1565 725 1620 Apostolicam
748 1580 1067 1617 concessarum,
1086 1565 1218 1607 solius
1241 1565 1388 1607 auxilii
1410 1566 1650 1607 animarum

266 1640 352 1680 fine
375 1639 676 1694 syncerissime
698 1639 824 1681 nobis
846 1640 1085 1695 proposito.
1132 1640 1202 1682 Sic
1225 1640 1340 1681 enim
1363 1640 1508 1681 divina
1529 1641 1654 1682 boni-

266 1723 332 1757 tas
361 1730 470 1771 opus
499 1716 581 1757 hoc
616 1716 734 1770 quod
766 1716 911 1771 coepit,
940 1716 1240 1771 promovebit3
1285 1731 1331 1758 ac
1363 1717 1505 1758 bonus
1535 1718 1653 1769 odor,

265 1790 341 1845 qui
375 1790 545 1832 veritati
586 1790 799 1832 bonorum
837 1805 1017 1846 operum
1053 1791 1280 1841 innitatur,
1315 1791 1542 1833 hominum
1580 1792 1652 1834 de-

266 1864 485 1906 votionem
507 1864 711 1921 augebit:
747 1873 799 1906 ut
831 1873 873 1907 et
906 1880 929 1906 a
952 1865 1166 1907 Societate
1198 1866 1282 1921 ipsi
1307 1865 1466 1921 juvari,
1489 1874 1531 1908 et
1553 1881 1654 1908 ean-

268 1939 367 1980 dem
389 1939 444 1980 ad
464 1939 738 1995 propositum
762 1939 844 1981 sibi
865 1940 998 1982 finem
1021 1940 1217 1995 obsequii
1249 1949 1291 1981 et
1323 1941 1470 1996 gloriae
1496 1941 1652 1984 divinae

269 2013 519 2069 Majestatis
545 2013 697 2069 juvare
721 2023 886 2055 curent.

270 2088 475 2129 Conferet
506 2088 650 2140 etiam,
682 2089 893 2130 rationem
928 2089 1085 2131 habere
1119 2089 1410 2142 valetudinis,
1448 2100 1496 2132 ut
1528 2106 1577 2134 ea
1607 2092 1653 2133 in

266 2163 599 2219 particularibus
651 2172 962 2217 conservetur3
1014 2165 1383 2220 quemadmodum
1431 2167 1557 2209 tertia
1607 2168 1653 2210 in

267 2246 389 2294 parte
412 2238 578 2280 dictum
600 2245 691 2291 est3
725 2247 767 2281 et
789 2247 839 2281 ut
861 2239 1037 2281 demum
1059 2255 1210 2282 omnes
1232 2241 1521 2284 observationi
1537 2242 1649 2285 Con-

270 2314 548 2355 stitutionum
582 2314 785 2355 studeant
802 2332 813 2366 3
861 2315 915 2356 ad
958 2329 1088 2370 quam
1123 2316 1296 2358 easdem
1340 2317 1461 2370 scire,
1500 2318 1651 2360 saltem

271 2403 368 2443 quae
390 2388 445 2429 ad
466 2388 701 2444 quemlibet
722 2389 957 2445 pertinent,
981 2404 1154 2432 necesse
1177 2399 1255 2432 est.
1321 2392 1465 2435 Quare
1495 2392 1651 2447 legere,

269 2462 336 2504 vel
358 2463 504 2505 audire
526 2464 698 2506 easdem
721 2465 903 2521 singulis
925 2465 1148 2506 mensibus
1172 2466 1403 2521 oportebit.

270 2605 438 2647 Octavo
461 2605 528 2646 die
553 2606 820 2661 Septembris
847 2611 973 2658 1558,
996 2607 1171 2649 nomine
1195 2607 1457 2649 sanctissimi
1471 2607 1651 2650 Domini

274 2679 413 2721 nostri
435 2679 558 2721 Pauli
581 2680 709 2736 Papae
742 2681 883 2736 quarti
916 2681 1128 2724 allocutus
1161 2689 1225 2723 est
1250 2682 1650 2724 Reverendissimus

268 2755 510 2797 Cardinalis
546 2755 861 2811 Neapolitanus
897 2772 968 2800 eos
1003 2773 1167 2808 omneS,
1203 2758 1277 2812 qui
1313 2757 1651 2815 Congregationi
