1987 3374
715 349 835 375 PARs
871 348 1088 378 QUARTA.
1551 339 1606 375 49

227 459 449 515 impensis.
511 458 571 499 Et
608 457 689 498 sub
723 457 854 512 hujus
895 457 1099 512 temporis
1138 457 1270 497 finem
1306 471 1480 497 suarum
1515 473 1606 500 esse

227 533 416 590 partium
452 534 611 574 Rector
652 532 880 588 intelligat,
923 533 1203 585 Prcepositum
1248 532 1505 584 Generalem,
1546 536 1613 574 vel

228 609 536 649 Provincialem
573 608 808 658 admonere,
835 612 878 647 et
912 614 1126 661 quantum
1157 606 1203 645 hi
1235 606 1511 661 profecerint,
1545 623 1610 648 re-

227 683 337 723 ferre
355 700 366 734 3
399 697 446 723 ac
469 682 751 739 postmodum
773 681 892 736 quod
913 680 950 722 ei
972 679 1277 736 praescriptum
1298 680 1427 722 fuerit
1450 681 1504 722 ad
1526 682 1610 723 Dei

228 757 424 813 gloriam,
446 765 695 812 exequetur.

436 962 498 988 DE
524 961 919 990 GUBERNATIONE
944 960 1320 990 COLLEGIORUM.

176 1119 194 1154 1
232 1113 517 1155 SUPREMAM
551 1128 699 1155 euram
730 1114 798 1156 vel
837 1113 1285 1170 superintendentiam
1310 1113 1611 1169 >Collegiorum

222 1188 351 1244 juxta
373 1188 498 1231 Sedis
519 1189 783 1244 Apostolicae
806 1189 969 1230 litteras
991 1189 1185 1245 professa
1208 1188 1400 1230 Societas
1422 1188 1612 1229 habebit.

230 1263 344 1305 Cam
378 1264 495 1304 enim
536 1264 769 1319 quicquam
810 1264 990 1319 privatae
1033 1263 1232 1305 utilitatis
1275 1279 1326 1305 ex
1367 1263 1611 1304 redditibus

231 1353 437 1393 quaerere,
479 1338 548 1379 vel
588 1339 634 1379 in
677 1354 805 1380 suum
847 1354 976 1380 usum
1019 1346 1266 1380 convertere
1308 1353 1397 1379 non
1447 1337 1613 1392 possit3

230 1413 388 1454 rationi
420 1413 543 1455 valde
581 1428 822 1455 consonum
856 1422 936 1465 est,
966 1414 1085 1468 quod
1110 1413 1261 1468 majori
1293 1428 1393 1454 cum
1425 1413 1612 1468 puritate

231 1504 280 1530 ac
303 1489 458 1545 spiritu
480 1489 751 1531 constantius
774 1505 822 1531 ac
852 1489 1100 1531 diuturnius
1122 1489 1326 1545 procedet
1359 1489 1404 1530 in
1426 1489 1492 1540 iis,
1516 1504 1612 1544 quae

231 1564 287 1605 ad
307 1563 473 1605 bonum
493 1564 687 1620 regimen
711 1564 1003 1620 Collegiorum
1026 1565 1081 1606 ad
1102 1564 1184 1620 maj
1193 1579 1243 1606 us
1262 1564 1347 1605 Dei
1371 1579 1418 1605 ac
1434 1563 1614 1605 Domini

231 1639 369 1681 nostri
390 1639 647 1694 obsequium
668 1639 883 1694 provideri
906 1640 1122 1681 convenit.

174 1719 199 1755 2
231 1715 396 1756 Proeter
422 1715 471 1755 id
501 1719 654 1765 autem,
690 1715 801 1768 quod
835 1716 892 1755 ad
925 1715 1268 1765 Constitutiones,
1303 1719 1343 1755 et
1374 1715 1614 1755 dissolutio-

231 1803 337 1841 nem,
378 1790 445 1830 vel
483 1790 776 1830 alienationem
818 1790 1054 1842 hzy'zcsmodz·
1100 1789 1376 1843 Colleyiormn
1410 1790 1615 1842 pertinet,

233 1866 430 1906 universa
443 1869 636 1918 potestas
658 1869 699 1906 et
722 1866 1051 1915 administratio,
1074 1873 1116 1906 et
1143 1866 1207 1918 (ut
1234 1864 1279 1905 in
1311 1880 1466 1920 genere
1500 1865 1615 1906 dica-

234 1940 320 1993 tur)
355 1938 488 1994 hujus
520 1939 935 1994 superintendentiae
965 1941 1153 1980 executio
1182 1933 1312 1993 penes
1342 1940 1613 1993 Propositum

238 2015 482 2055 Generalem
515 2015 610 2064 erit,
643 2014 718 2068 qui
751 2014 883 2054 finem
920 2013 1057 2064 illum,
1093 2014 1147 2054 ad
1183 2029 1314 2068 quem
1348 2014 1541 2070 Collegia
1573 2020 1614 2055 et

235 2089 427 2130 Societas
449 2096 540 2129 tota
561 2088 801 2139 contendit,
822 2103 911 2143 prae
934 2088 1069 2129 oculis
1098 2088 1278 2139 habens,
1309 2089 1478 2140 melius,
1511 2089 1616 2144 quid

234 2163 397 2204 eisdem
419 2162 661 2213 conveniat,
682 2162 907 2218 intelliget.

175 2244 200 2280 3
237 2239 319 2280 Per
347 2252 391 2279 se
428 2253 545 2293 ergo,
575 2237 642 2279 vel
678 2252 755 2293 per
791 2237 938 2288 alium,
967 2238 1036 2278 cui
1062 2252 1185 2279 suam
1219 2238 1468 2279 facultatem
1499 2254 1614 2279 com-

234 2313 533 2364 municaverit,
566 2312 612 2353 in
653 2313 734 2354 hac
766 2320 903 2368 parte,
939 2313 1204 2368 Praepositus
1243 2313 1468 2355 Generalis
1507 2315 1617 2355 Rec-

237 2396 390 2439 torem,
411 2393 461 2428 ut
481 2387 629 2443 praesit
652 2387 895 2442 cuicunque
920 2387 1128 2443 Collegio,
1151 2387 1338 2442 aliquem
1360 2403 1411 2428 ex
1427 2388 1615 2443 Coadju-

237 2463 403 2505 toribus
427 2463 654 2505 Societatis
676 2464 938 2515 constituet3
971 2463 1044 2518 qui
1068 2463 1321 2518 Praeposito,
1344 2463 1614 2515 Provinciali,

235 2538 303 2579 vel
334 2538 404 2579 cui
437 2537 661 2579 Generalis
692 2538 1019 2594 praescripserit,
1050 2537 1262 2579 rationem
1294 2537 1375 2579 sibi
1408 2538 1616 2593 assignati

236 2613 427 2655 muneris
463 2614 627 2655 reddet.
689 2614 749 2655 Et
789 2628 924 2669 penes
967 2613 1153 2654 eundem
1195 2613 1275 2654 erit
1311 2613 1614 2669 Praepositum,

238 2690 468 2730 Rectorem
490 2703 702 2740 amovere,
724 2688 883 2744 talique
917 2704 1032 2740 eura,
1055 2697 1184 2744 prout
1216 2688 1255 2729 ei
1287 2687 1615 2730 convenientius

235 2764 281 2805 in
303 2764 495 2805 Domino
517 2763 747 2816 videbitur,
767 2764 960 2806 liberare.

178 2845 204 2881 4
239 2839 494 2881 Curandum
526 2847 591 2880 est
620 2847 779 2891 autem,
812 2848 859 2881 ut
891 2839 960 2881 ille
994 2839 1062 2880 cui
1087 2838 1280 2880 Rectoris
1311 2838 1514 2889 officium,
1537 2837 1616 2878 im-
