2004 3294
307 295 387 331 120
797 298 1232 327 coNs'm'rU'rloNUM

308 862 360 898 10

389 420 445 464 et,
478 411 512 452 si
541 410 631 452 fieri
659 418 820 466 posset,
848 409 1054 451 doctrinae
1083 409 1211 459 dono,
1244 414 1285 448 et
1318 407 1457 462 specie
1491 408 1686 460 honesta,
1715 423 1763 449 ac

388 486 517 527 modo
540 485 695 540 agendi
716 484 845 525 verbo
867 491 910 524 et
930 483 1085 524 litteris
1108 497 1208 523 cum
1225 482 1343 523 omni
1365 482 1591 522 hominum
1607 497 1763 537 genere

390 560 598 615 praeditus
627 573 718 599 esse
748 558 946 607 deberet3
989 556 1147 610 quique
1181 556 1225 596 in
1258 556 1409 610 primis
1442 563 1554 596 esset
1583 556 1662 606 vir,
1694 556 1763 597 cui

387 633 654 675 confidenter
675 631 845 685 quidvis
873 629 1085 670 committi
1115 637 1277 683 posset,
1309 628 1468 682 quique
1502 629 1761 670 Societatem

390 709 435 748 in
449 706 639 748 Domino
661 705 883 760 diligeret3
915 718 1000 758 quo
1022 702 1171 743 utilius
1194 702 1286 756 ejus
1308 717 1438 757 opera
1453 717 1501 743 ac
1523 703 1762 744 ministerio

390 782 455 822 uti
479 781 742 836 Praepositus
767 779 990 820 Generalis
1013 778 1067 818 ad
1088 777 1267 832 gloriam
1289 777 1478 818 divinam
1500 778 1651 819 valeat.

393 856 642 898 Secundum
665 854 886 905 auxilium,
907 852 1106 894 videlicet
1128 851 1293 892 consilii
1315 852 1370 892 ad
1390 866 1457 892 res
1478 866 1644 907 graves,
1665 867 1762 907 quae

390 947 434 973 se
457 932 658 981 offerunt,
680 929 939 970 ordinandas
962 936 1004 968 ct
1032 927 1373 977 constituendas,
1395 928 1523 981 quam
1546 927 1601 968 sit
1620 927 1762 968 Gene-

388 1006 467 1047 rali
490 1004 726 1059 Praeposito
749 1002 1052 1053 necessarium,
1075 1016 1126 1042 ex
1148 1015 1295 1042 eorum
1323 1001 1616 1052 multitudine,
1637 1010 1680 1042 et
1711 1017 1762 1042 ex

389 1079 569 1121 humani
590 1078 835 1118 intellectus
856 1076 1163 1126 imbecillitate,
1181 1075 1254 1130 qui
1276 1083 1365 1116 tam
1381 1075 1538 1116 multas
1560 1076 1605 1116 in
1617 1084 1762 1131 partes

388 1152 729 1196 consideratione
753 1151 885 1192 dividi
907 1151 1072 1205 nequit,
1093 1150 1161 1190 vel
1193 1150 1306 1190 certe
1338 1150 1392 1189 ad
1417 1149 1477 1200 id,
1499 1150 1615 1204 quod
1636 1165 1763 1205 opor-

384 1236 462 1280 tet,
495 1228 540 1268 in
575 1227 634 1268 eis
668 1226 863 1281 partibus
898 1224 1230 1279 dispiciendum,
1252 1238 1300 1264 ac
1327 1223 1644 1278 providendum
1673 1238 1763 1265 non

388 1301 560 1350 sufficit,
591 1308 735 1355 potest
766 1298 962 1353 intelligi.
1032 1298 1217 1339 Videtur
1249 1311 1349 1352 ergo
1380 1296 1763 1351 pernecessarium,

387 1385 436 1418 ut
468 1375 600 1430 aliqui
632 1374 720 1415 sint
751 1373 869 1428 apud
901 1372 1175 1427 Superiorem
1203 1371 1282 1412 viri
1307 1371 1461 1412 litteris
1490 1379 1533 1412 et
1561 1371 1763 1412 omnibus

388 1452 480 1493 aliis
517 1449 601 1491 Dei
635 1448 760 1490 donis
802 1447 918 1498 clari,
952 1447 1026 1502 qui
1062 1447 1100 1487 ei
1136 1446 1353 1497 assistant,
1390 1454 1433 1487 et
1464 1446 1764 1488 considerandi

386 1525 594 1583 peculiari
617 1523 904 1565 sollicitudine
925 1537 993 1563 res
1021 1521 1282 1563 universales
1315 1521 1542 1563 Societatis
1572 1536 1597 1562 a
1619 1522 1764 1563 Gene-

384 1602 461 1643 rali
495 1598 745 1641 commissas
780 1612 927 1638 curam
967 1597 1181 1646 habeant3
1229 1611 1358 1651 quam
1399 1596 1482 1637 illis
1515 1604 1663 1652 posset
1699 1596 1763 1637 di-

385 1677 544 1727 videre,
573 1689 658 1729 quo
690 1672 931 1714 accuratius
962 1686 1030 1712 res
1062 1686 1211 1712 omnes
1244 1671 1533 1727 perspiciant3
1567 1679 1616 1712 ut
1645 1686 1761 1712 unus

385 1765 530 1793 rerum
573 1748 823 1789 Indicarum
868 1745 1250 1801 inspiciendarum,
1292 1745 1398 1786 alter
1450 1745 1676 1801 Hispaniae
1719 1753 1761 1787 et

389 1822 678 1878 Portugalliae,
700 1829 742 1862 et
764 1820 871 1861 alius
896 1819 1140 1861 Germaniae
1162 1828 1204 1860 et
1229 1819 1396 1870 Gauiae,
1418 1827 1461 1860 et
1492 1819 1599 1860 alius
1623 1819 1760 1861 Italiae

390 1908 433 1942 et
475 1897 630 1940 Siciliae
672 1910 819 1937 curam
859 1895 1070 1945 haberet3
1121 1903 1163 1934 et
1207 1894 1268 1935 sic
1317 1895 1368 1934 de
1411 1894 1536 1945 aliis3
1587 1895 1760 1949 quando

390 1973 581 2017 Societas
612 1971 657 2011 in
688 1970 834 2026 plures
865 1978 1010 2024 partes
1037 1975 1324 2023 spargeretur.
1387 1968 1586 2023 Quisque
1615 1976 1760 2010 autem

387 2064 438 2091 ex
469 2047 529 2089 eis
557 2044 763 2101 peculiari
794 2043 999 2094 oratione,
1031 2048 1074 2083 et
1105 2042 1193 2083 suis
1225 2042 1269 2083 in
1292 2042 1509 2083 sacrificiis
1530 2043 1762 2084 recordati-

388 2137 468 2164 one
496 2121 591 2161 Deo
619 2126 786 2174 partem
816 2117 933 2157 illam
957 2117 1037 2157 sibi
1069 2116 1309 2171 specialiter
1339 2116 1612 2172 commissam
1644 2132 1762 2158 com-

387 2195 589 2239 mendare
619 2193 760 2243 debet,
791 2199 833 2231 et
862 2191 1144 2240 considerare,
1175 2191 1279 2245 quid
1309 2191 1355 2232 in
1386 2206 1435 2232 ea
1464 2191 1601 2246 magis
1633 2191 1687 2232 ad
1715 2191 1760 2232 id

388 2267 756 2323 consequendum,
779 2265 895 2320 quod
917 2264 998 2305 sibi
1021 2264 1210 2305 Societas
1232 2266 1451 2321 proponit,
1475 2265 1627 2321 juvare
1658 2280 1759 2320 pos-

389 2354 467 2387 set.
530 2340 852 2383 Conferendum
875 2338 1003 2379 etiam
1026 2353 1124 2379 cum
1147 2339 1238 2379 aliis
1270 2348 1397 2390 esset,
1420 2339 1562 2394 siquid
1593 2339 1648 2380 ad
1668 2354 1758 2380 rem

389 2421 526 2461 facere
548 2428 808 2469 magnopere
830 2413 1059 2454 videretur.
1121 2413 1206 2453 Res
1229 2421 1371 2453 autem
1394 2413 1506 2454 inter
1527 2428 1571 2454 se
1594 2414 1760 2455 discus-

392 2509 459 2535 sas
483 2489 685 2533 Generali
716 2488 870 2529 referre
902 2494 1093 2542 possent.
1157 2487 1295 2527 Iidem
1327 2487 1456 2528 etiam
1488 2489 1760 2530 attenderent

394 2568 444 2608 iis
472 2565 615 2614 rebus,
650 2577 746 2617 quae
780 2562 847 2602 vel
877 2575 901 2601 a
939 2561 1189 2615 Praeposito,
1215 2562 1282 2602 vel
1311 2562 1439 2602 etiam
1471 2576 1496 2602 a
1524 2561 1760 2603 Secretario

394 2637 620 2681 societatis
642 2642 1009 2691 proponerentur3
1041 2642 1089 2674 ut
1112 2635 1248 2689 magis
1276 2635 1388 2676 inter
1418 2636 1535 2691 ipsos
1557 2635 1761 2676 discussa}

396 2710 614 2766 Superiori
636 2710 887 2750 referantur.
949 2708 1008 2748 Et
1030 2708 1073 2748 in
1095 2708 1344 2749 universum
1376 2709 1419 2749 in
1443 2708 1762 2750 considerandis

398 2797 439 2830 et
470 2785 704 2827 tractandis
730 2784 857 2825 rebus
886 2789 973 2824 tam
1004 2783 1057 2824 ad
1086 2784 1338 2834 doctrinam,
1362 2786 1488 2838 quam
1518 2784 1571 2824 ad
1596 2784 1761 2838 praxim
