<?xml version="1.0" encoding="UTF-8"?>
<!DOCTYPE html PUBLIC "-//W3C//DTD XHTML 1.0 Transitional//EN"
    "http://www.w3.org/TR/xhtml1/DTD/xhtml1-transitional.dtd">
<html xmlns="http://www.w3.org/1999/xhtml" xml:lang="en" lang="en">
 <head>
  <title>
</title>
<meta http-equiv="Content-Type" content="text/html;charset=utf-8" />
  <meta name='ocr-system' content='tesseract 3.04.00' />
  <meta name='ocr-capabilities' content='ocr_page ocr_carea ocr_par ocr_line ocrx_word'/>
</head>
<body>
  <div class='ocr_page' id='page_1' title='image "./constitutionesso00jesuuoft_0087.png"; bbox 0 0 1987 3374; ppageno 0'>
   <div class='ocr_carea' id='block_1_1' title="bbox 164 1558 218 1595">
    <p class='ocr_par' dir='ltr' id='par_1_1' title="bbox 164 1558 218 1595">
     <span class='ocr_line' id='line_1_1' title="bbox 164 1558 218 1595; baseline 0.037 -2"><span class='ocrx_word' id='word_1_1' title='bbox 164 1558 218 1595; x_wconf 92' lang='grc'><strong>10</strong></span> 
     </span>
    </p>
   </div>
   <div class='ocr_carea' id='block_1_2' title="bbox 166 1929 214 1965">
    <p class='ocr_par' dir='ltr' id='par_1_2' title="bbox 166 1929 214 1965">
     <span class='ocr_line' id='line_1_2' title="bbox 166 1929 214 1965; baseline 0 0"><span class='ocrx_word' id='word_1_2' title='bbox 166 1929 214 1965; x_wconf 92' lang='lat' dir='ltr'><strong>ll</strong></span> 
     </span>
    </p>
   </div>
   <div class='ocr_carea' id='block_1_3' title="bbox 168 2228 220 2264">
    <p class='ocr_par' dir='ltr' id='par_1_3' title="bbox 168 2228 220 2264">
     <span class='ocr_line' id='line_1_3' title="bbox 168 2228 220 2264; baseline 0 0"><span class='ocrx_word' id='word_1_3' title='bbox 168 2228 220 2264; x_wconf 84' lang='lat'><strong>12</strong></span> 
     </span>
    </p>
   </div>
   <div class='ocr_carea' id='block_1_4' title="bbox 166 2750 217 2788">
    <p class='ocr_par' dir='ltr' id='par_1_4' title="bbox 166 2750 217 2788">
     <span class='ocr_line' id='line_1_4' title="bbox 166 2750 217 2788; baseline 0.02 -1"><span class='ocrx_word' id='word_1_4' title='bbox 166 2750 217 2788; x_wconf 89' lang='grc'><strong>13</strong></span> 
     </span>
    </p>
   </div>
   <div class='ocr_carea' id='block_1_5' title="bbox 760 314 1621 361">
    <p class='ocr_par' dir='ltr' id='par_1_5' title="bbox 760 314 1621 361">
     <span class='ocr_line' id='line_1_5' title="bbox 760 314 1621 361; baseline 0.001 -8"><span class='ocrx_word' id='word_1_5' title='bbox 760 327 881 354; x_wconf 85' lang='lat' dir='ltr'>PARS</span> <span class='ocrx_word' id='word_1_6' title='bbox 917 326 1086 353; x_wconf 73' lang='lat' dir='ltr'><strong>SEXTA.</strong></span> <span class='ocrx_word' id='word_1_7' title='bbox 1571 314 1621 361; x_wconf 84' lang='lat'><strong>75</strong></span> 
     </span>
    </p>
   </div>
   <div class='ocr_carea' id='block_1_6' title="bbox 246 434 1631 2877">
    <p class='ocr_par' dir='ltr' id='par_1_6' title="bbox 247 434 1627 628">
     <span class='ocr_line' id='line_1_6' title="bbox 247 434 1624 494; baseline -0.002 -15"><span class='ocrx_word' id='word_1_8' title='bbox 247 443 406 494; x_wconf 86' lang='lat' dir='ltr'><strong>potest,</strong></span> <span class='ocrx_word' id='word_1_9' title='bbox 429 437 700 492; x_wconf 90' lang='lat' dir='ltr'><strong>compensari</strong></span> <span class='ocrx_word' id='word_1_10' title='bbox 721 435 947 487; x_wconf 83' lang='lat' dir='ltr'><strong>videatur3</strong></span> <span class='ocrx_word' id='word_1_11' title='bbox 979 443 1028 476; x_wconf 89' lang='lat' dir='ltr'><strong>ut</strong></span> <span class='ocrx_word' id='word_1_12' title='bbox 1050 435 1110 476; x_wconf 91' lang='lat' dir='ltr'><strong>sic</strong></span> <span class='ocrx_word' id='word_1_13' title='bbox 1132 434 1284 490; x_wconf 85' lang='lat' dir='ltr'><strong>majori</strong></span> <span class='ocrx_word' id='word_1_14' title='bbox 1307 449 1407 475; x_wconf 90' lang='lat' dir='ltr'><strong>cum</strong></span> <span class='ocrx_word' id='word_1_15' title='bbox 1428 435 1624 476; x_wconf 86' lang='lat' dir='ltr'><strong>libertate</strong></span> 
     </span>
     <span class='ocr_line' id='line_1_7' title="bbox 247 509 1627 568; baseline -0.003 -14"><span class='ocrx_word' id='word_1_16' title='bbox 247 513 387 568; x_wconf 81' lang='lat' dir='ltr'>possit</span> <span class='ocrx_word' id='word_1_17' title='bbox 408 520 451 553; x_wconf 91' lang='lat' dir='ltr'><strong>et</strong></span> <span class='ocrx_word' id='word_1_18' title='bbox 472 511 769 568; x_wconf 80' lang='lat' dir='ltr'><strong>proximorum</strong></span> <span class='ocrx_word' id='word_1_19' title='bbox 791 510 1076 552; x_wconf 83' lang='lat' dir='ltr'><strong>aedificatione</strong></span> <span class='ocrx_word' id='word_1_20' title='bbox 1098 510 1143 550; x_wconf 92' lang='lat' dir='ltr'><strong>in</strong></span> <span class='ocrx_word' id='word_1_21' title='bbox 1166 509 1311 550; x_wconf 63' lang='lat' dir='ltr'><strong>clixdno</strong></span> <span class='ocrx_word' id='word_1_22' title='bbox 1335 509 1506 550; x_wconf 86' lang='lat' dir='ltr'><strong>servitio</strong></span> <span class='ocrx_word' id='word_1_23' title='bbox 1527 524 1627 565; x_wconf 87' lang='lat' dir='ltr'><strong>pro-</strong></span> 
     </span>
     <span class='ocr_line' id='line_1_8' title="bbox 248 587 412 628; baseline 0 -1"><span class='ocrx_word' id='word_1_24' title='bbox 248 587 412 628; x_wconf 84' lang='lat' dir='ltr'><strong>cedere.</strong></span> 
     </span>
    </p>

    <p class='ocr_par' dir='ltr' id='par_1_7' title="bbox 247 658 1628 1014">
     <span class='ocr_line' id='line_1_9' title="bbox 251 658 1627 715; baseline -0.004 -12"><span class='ocrx_word' id='word_1_25' title='bbox 251 661 315 703; x_wconf 85' lang='lat' dir='ltr'><strong>Ut</strong></span> <span class='ocrx_word' id='word_1_26' title='bbox 356 661 496 703; x_wconf 88' lang='lat' dir='ltr'><strong>omnis</strong></span> <span class='ocrx_word' id='word_1_27' title='bbox 539 661 726 702; x_wconf 85' lang='lat' dir='ltr'><strong>avaritiae</strong></span> <span class='ocrx_word' id='word_1_28' title='bbox 769 659 934 715; x_wconf 86' lang='lat' dir='ltr'><strong>species</strong></span> <span class='ocrx_word' id='word_1_29' title='bbox 976 659 1174 710; x_wconf 83' lang='lat' dir='ltr'><strong>evitetur,</strong></span> <span class='ocrx_word' id='word_1_30' title='bbox 1214 659 1433 714; x_wconf 77' lang='lat' dir='ltr'><strong>praecipue</strong></span> <span class='ocrx_word' id='word_1_31' title='bbox 1466 659 1511 698; x_wconf 92' lang='lat' dir='ltr'><strong>in</strong></span> <span class='ocrx_word' id='word_1_32' title='bbox 1545 658 1627 713; x_wconf 91' lang='lat' dir='ltr'><strong>piis</strong></span> 
     </span>
     <span class='ocr_line' id='line_1_10' title="bbox 247 733 1628 791; baseline -0.003 -14"><span class='ocrx_word' id='word_1_33' title='bbox 247 736 511 787; x_wconf 83' lang='lat' dir='ltr'><strong>ministeriis,</strong></span> <span class='ocrx_word' id='word_1_34' title='bbox 533 735 692 791; x_wconf 91' lang='lat' dir='ltr'><strong>quibus</strong></span> <span class='ocrx_word' id='word_1_35' title='bbox 724 735 779 776; x_wconf 84' lang='lat' dir='ltr'><strong>ad</strong></span> <span class='ocrx_word' id='word_1_36' title='bbox 810 734 1051 776; x_wconf 87' lang='lat' dir='ltr'><strong>animarum</strong></span> <span class='ocrx_word' id='word_1_37' title='bbox 1083 733 1290 775; x_wconf 78' lang='lat' dir='ltr'><strong>auxilium</strong></span> <span class='ocrx_word' id='word_1_38' title='bbox 1323 733 1514 775; x_wconf 84' lang='lat' dir='ltr'><strong>Societas</strong></span> <span class='ocrx_word' id='word_1_39' title='bbox 1542 733 1628 774; x_wconf 92' lang='lat' dir='ltr'><strong>uti-</strong></span> 
     </span>
     <span class='ocr_line' id='line_1_11' title="bbox 249 807 1626 864; baseline -0.002 -13"><span class='ocrx_word' id='word_1_40' title='bbox 249 819 322 851; x_wconf 87' lang='lat' dir='ltr'><strong>tur</strong></span> <span class='ocrx_word' id='word_1_41' title='bbox 337 827 349 862; x_wconf 85' lang='lat'>3</span> <span class='ocrx_word' id='word_1_42' title='bbox 382 810 501 851; x_wconf 88' lang='lat' dir='ltr'><strong>nulla</strong></span> <span class='ocrx_word' id='word_1_43' title='bbox 524 810 578 851; x_wconf 88' lang='lat' dir='ltr'><strong>sit</strong></span> <span class='ocrx_word' id='word_1_44' title='bbox 607 810 651 850; x_wconf 90' lang='lat' dir='ltr'><strong>in</strong></span> <span class='ocrx_word' id='word_1_45' title='bbox 684 809 863 850; x_wconf 88' lang='lat' dir='ltr'><strong>ecclesia</strong></span> <span class='ocrx_word' id='word_1_46' title='bbox 888 824 999 860; x_wconf 88' lang='lat' dir='ltr'><strong>arca,</strong></span> <span class='ocrx_word' id='word_1_47' title='bbox 1024 808 1069 849; x_wconf 91' lang='lat' dir='ltr'><strong>in</strong></span> <span class='ocrx_word' id='word_1_48' title='bbox 1101 823 1231 863; x_wconf 91' lang='lat' dir='ltr'><strong>quam</strong></span> <span class='ocrx_word' id='word_1_49' title='bbox 1261 808 1544 864; x_wconf 83' lang='lat' dir='ltr'><strong>eleemosynae</strong></span> <span class='ocrx_word' id='word_1_50' title='bbox 1573 807 1626 848; x_wconf 91' lang='lat' dir='ltr'><strong>ab</strong></span> 
     </span>
     <span class='ocr_line' id='line_1_12' title="bbox 248 882 1628 938; baseline -0.001 -14"><span class='ocrx_word' id='word_1_51' title='bbox 248 884 315 935; x_wconf 89' lang='lat' dir='ltr'><strong>iis,</strong></span> <span class='ocrx_word' id='word_1_52' title='bbox 337 884 412 938; x_wconf 91' lang='lat' dir='ltr'><strong>qui</strong></span> <span class='ocrx_word' id='word_1_53' title='bbox 433 884 488 924; x_wconf 80' lang='lat' dir='ltr'><strong>acl</strong></span> <span class='ocrx_word' id='word_1_54' title='bbox 509 883 753 934; x_wconf 84' lang='lat' dir='ltr'><strong>conciones,</strong></span> <span class='ocrx_word' id='word_1_55' title='bbox 775 883 944 933; x_wconf 88' lang='lat' dir='ltr'><strong>missas,</strong></span> <span class='ocrx_word' id='word_1_56' title='bbox 965 883 1032 923; x_wconf 78' lang='lat' dir='ltr'><strong>vel</strong></span> <span class='ocrx_word' id='word_1_57' title='bbox 1064 883 1370 933; x_wconf 82' lang='lat' dir='ltr'><strong>confessiones,</strong></span> <span class='ocrx_word' id='word_1_58' title='bbox 1392 887 1435 923; x_wconf 91' lang='lat' dir='ltr'><strong>et</strong></span> <span class='ocrx_word' id='word_1_59' title='bbox 1464 882 1628 936; x_wconf 90' lang='lat' dir='ltr'><strong>reliqua</strong></span> 
     </span>
     <span class='ocr_line' id='line_1_13' title="bbox 248 956 1333 1014; baseline -0.002 -15"><span class='ocrx_word' id='word_1_60' title='bbox 248 958 488 1014; x_wconf 82' lang='lat' dir='ltr'>spiritualia</span> <span class='ocrx_word' id='word_1_61' title='bbox 509 958 564 999; x_wconf 90' lang='lat' dir='ltr'><strong>ad</strong></span> <span class='ocrx_word' id='word_1_62' title='bbox 585 972 679 999; x_wconf 88' lang='lat' dir='ltr'><strong>eam</strong></span> <span class='ocrx_word' id='word_1_63' title='bbox 701 957 981 1008; x_wconf 82' lang='lat' dir='ltr'><strong>conveniunt,</strong></span> <span class='ocrx_word' id='word_1_64' title='bbox 1003 957 1159 1012; x_wconf 85' lang='lat' dir='ltr'><strong>conjici</strong></span> <span class='ocrx_word' id='word_1_65' title='bbox 1180 956 1333 998; x_wconf 81' lang='lat' dir='ltr'><strong>solent.</strong></span> 
     </span>
    </p>

    <p class='ocr_par' dir='ltr' id='par_1_8' title="bbox 246 1030 1629 1520">
     <span class='ocr_line' id='line_1_14' title="bbox 249 1030 1629 1086; baseline -0.002 -13"><span class='ocrx_word' id='word_1_66' title='bbox 249 1032 417 1073; x_wconf 89' lang='lat' dir='ltr'><strong>Eadem</strong></span> <span class='ocrx_word' id='word_1_67' title='bbox 454 1032 506 1073; x_wconf 87' lang='lat' dir='ltr'><strong>de</strong></span> <span class='ocrx_word' id='word_1_68' title='bbox 541 1046 671 1073; x_wconf 89' lang='lat' dir='ltr'><strong>causa</strong></span> <span class='ocrx_word' id='word_1_69' title='bbox 703 1031 977 1082; x_wconf 88' lang='lat' dir='ltr'><strong>munuscula,</strong></span> <span class='ocrx_word' id='word_1_70' title='bbox 1012 1046 1108 1086; x_wconf 84' lang='lat' dir='ltr'><strong>quae</strong></span> <span class='ocrx_word' id='word_1_71' title='bbox 1146 1030 1432 1086; x_wconf 82' lang='lat' dir='ltr'><strong>Magnatibus</strong></span> <span class='ocrx_word' id='word_1_72' title='bbox 1467 1032 1524 1070; x_wconf 79' lang='lat' dir='ltr'><strong>ad</strong></span> <span class='ocrx_word' id='word_1_73' title='bbox 1561 1044 1629 1071; x_wconf 77' lang='lat' dir='ltr'><strong>res</strong></span> 
     </span>
     <span class='ocr_line' id='line_1_15' title="bbox 248 1105 1625 1160; baseline -0.002 -13"><span class='ocrx_word' id='word_1_74' title='bbox 248 1107 427 1160; x_wconf 82' lang='lat' dir='ltr'><strong>majores</strong></span> <span class='ocrx_word' id='word_1_75' title='bbox 448 1107 499 1147; x_wconf 84' lang='lat' dir='ltr'><strong>ab</strong></span> <span class='ocrx_word' id='word_1_76' title='bbox 520 1108 625 1159; x_wconf 76' lang='lat' dir='ltr'><strong>ipsis</strong></span> <span class='ocrx_word' id='word_1_77' title='bbox 653 1107 897 1147; x_wconf 74' lang='lat' dir='ltr'><strong>obtinendas</strong></span> <span class='ocrx_word' id='word_1_78' title='bbox 929 1106 1071 1147; x_wconf 87' lang='lat' dir='ltr'><strong>offerri</strong></span> <span class='ocrx_word' id='word_1_79' title='bbox 1104 1105 1258 1156; x_wconf 81' lang='lat' dir='ltr'><strong>solent,</strong></span> <span class='ocrx_word' id='word_1_80' title='bbox 1280 1120 1333 1145; x_wconf 90' lang='lat' dir='ltr'><strong>ne</strong></span> <span class='ocrx_word' id='word_1_81' title='bbox 1366 1105 1625 1155; x_wconf 84' lang='lat' dir='ltr'><strong>offerantur3</strong></span> 
     </span>
     <span class='ocr_line' id='line_1_16' title="bbox 248 1180 1628 1236; baseline -0.001 -14"><span class='ocrx_word' id='word_1_82' title='bbox 248 1196 327 1222; x_wconf 91' lang='lat' dir='ltr'><strong>nec</strong></span> <span class='ocrx_word' id='word_1_83' title='bbox 349 1180 601 1236; x_wconf 86' lang='lat' dir='ltr'><strong>hujusmodi</strong></span> <span class='ocrx_word' id='word_1_84' title='bbox 620 1183 855 1234; x_wconf 74' lang='lat' dir='ltr'><strong>primarios</strong></span> <span class='ocrx_word' id='word_1_85' title='bbox 876 1183 989 1222; x_wconf 74' lang='lat' dir='ltr'><strong>viros</strong></span> <span class='ocrx_word' id='word_1_86' title='bbox 1008 1181 1263 1234; x_wconf 76' lang='lat' dir='ltr'><strong>frequenter</strong></span> <span class='ocrx_word' id='word_1_87' title='bbox 1294 1181 1471 1221; x_wconf 76' lang='lat' dir='ltr'><strong>invisere</strong></span> <span class='ocrx_word' id='word_1_88' title='bbox 1493 1180 1628 1220; x_wconf 83' lang='lat' dir='ltr'><strong>nostri</strong></span> 
     </span>
     <span class='ocr_line' id='line_1_17' title="bbox 247 1255 1629 1310; baseline -0.001 -14"><span class='ocrx_word' id='word_1_89' title='bbox 247 1264 549 1306; x_wconf 84' lang='lat' dir='ltr'><strong>consuescant,</strong></span> <span class='ocrx_word' id='word_1_90' title='bbox 584 1255 666 1296; x_wconf 91' lang='lat' dir='ltr'><strong>nisi</strong></span> <span class='ocrx_word' id='word_1_91' title='bbox 709 1260 858 1296; x_wconf 88' lang='lat' dir='ltr'><strong>sancto</strong></span> <span class='ocrx_word' id='word_1_92' title='bbox 896 1255 1039 1296; x_wconf 90' lang='lat' dir='ltr'><strong>studio</strong></span> <span class='ocrx_word' id='word_1_93' title='bbox 1075 1255 1245 1310; x_wconf 88' lang='lat' dir='ltr'><strong>piorum</strong></span> <span class='ocrx_word' id='word_1_94' title='bbox 1283 1269 1463 1310; x_wconf 90' lang='lat' dir='ltr'><strong>operum</strong></span> <span class='ocrx_word' id='word_1_95' title='bbox 1500 1255 1629 1295; x_wconf 79' lang='lat' dir='ltr'><strong>cluce-</strong></span> 
     </span>
     <span class='ocr_line' id='line_1_18' title="bbox 246 1328 1628 1383; baseline -0.001 -13"><span class='ocrx_word' id='word_1_96' title='bbox 246 1337 412 1380; x_wconf 86' lang='lat' dir='ltr'><strong>rentur,</strong></span> <span class='ocrx_word' id='word_1_97' title='bbox 435 1329 501 1370; x_wconf 90' lang='lat' dir='ltr'><strong>vel</strong></span> <span class='ocrx_word' id='word_1_98' title='bbox 529 1330 703 1383; x_wconf 89' lang='lat' dir='ltr'><strong>quando</strong></span> <span class='ocrx_word' id='word_1_99' title='bbox 738 1329 891 1370; x_wconf 88' lang='lat' dir='ltr'><strong>intima</strong></span> <span class='ocrx_word' id='word_1_100' title='bbox 921 1329 1221 1370; x_wconf 77' lang='lat' dir='ltr'><strong>benevolentia</strong></span> <span class='ocrx_word' id='word_1_101' title='bbox 1252 1329 1296 1369; x_wconf 92' lang='lat' dir='ltr'><strong>in</strong></span> <span class='ocrx_word' id='word_1_102' title='bbox 1325 1328 1516 1369; x_wconf 91' lang='lat' dir='ltr'><strong>Domino</strong></span> <span class='ocrx_word' id='word_1_103' title='bbox 1539 1336 1628 1369; x_wconf 89' lang='lat' dir='ltr'><strong>tam</strong></span> 
     </span>
     <span class='ocr_line' id='line_1_19' title="bbox 247 1404 1626 1460; baseline -0.001 -15"><span class='ocrx_word' id='word_1_104' title='bbox 247 1412 392 1445; x_wconf 88' lang='lat' dir='ltr'><strong>essent</strong></span> <span class='ocrx_word' id='word_1_105' title='bbox 414 1404 619 1459; x_wconf 89' lang='lat' dir='ltr'><strong>conjucti,</strong></span> <span class='ocrx_word' id='word_1_106' title='bbox 641 1414 690 1445; x_wconf 87' lang='lat' dir='ltr'><strong>ut</strong></span> <span class='ocrx_word' id='word_1_107' title='bbox 711 1405 963 1460; x_wconf 83' lang='lat' dir='ltr'><strong>hujusmodi</strong></span> <span class='ocrx_word' id='word_1_108' title='bbox 996 1404 1184 1445; x_wconf 86' lang='lat' dir='ltr'><strong>officium</strong></span> <span class='ocrx_word' id='word_1_109' title='bbox 1217 1404 1448 1459; x_wconf 87' lang='lat' dir='ltr'><strong>aliquando</strong></span> <span class='ocrx_word' id='word_1_110' title='bbox 1471 1404 1530 1445; x_wconf 91' lang='lat' dir='ltr'><strong>eis</strong></span> <span class='ocrx_word' id='word_1_111' title='bbox 1553 1404 1626 1444; x_wconf 90' lang='lat' dir='ltr'><strong>de-</strong></span> 
     </span>
     <span class='ocr_line' id='line_1_20' title="bbox 246 1478 590 1520; baseline -0.003 0"><span class='ocrx_word' id='word_1_112' title='bbox 246 1478 339 1520; x_wconf 88' lang='lat' dir='ltr'><strong>beri</strong></span> <span class='ocrx_word' id='word_1_113' title='bbox 358 1479 590 1520; x_wconf 83' lang='lat' dir='ltr'><strong>videretur.</strong></span> 
     </span>
    </p>

    <p class='ocr_par' dir='ltr' id='par_1_9' title="bbox 248 1552 1630 1905">
     <span class='ocr_line' id='line_1_21' title="bbox 250 1552 1628 1607; baseline -0.001 -13"><span class='ocrx_word' id='word_1_114' title='bbox 250 1552 393 1594; x_wconf 84' lang='lat' dir='ltr'><strong>Parati</strong></span> <span class='ocrx_word' id='word_1_115' title='bbox 416 1553 504 1593; x_wconf 88' lang='lat' dir='ltr'><strong>sint</strong></span> <span class='ocrx_word' id='word_1_116' title='bbox 525 1553 579 1593; x_wconf 89' lang='lat' dir='ltr'><strong>ad</strong></span> <span class='ocrx_word' id='word_1_117' title='bbox 601 1552 939 1593; x_wconf 88' lang='lat' dir='ltr'><strong>mendicandum</strong></span> <span class='ocrx_word' id='word_1_118' title='bbox 963 1552 1167 1603; x_wconf 83' lang='lat' dir='ltr'><strong>ostiatim,</strong></span> <span class='ocrx_word' id='word_1_119' title='bbox 1190 1553 1364 1607; x_wconf 87' lang='lat' dir='ltr'><strong>quando</strong></span> <span class='ocrx_word' id='word_1_120' title='bbox 1392 1553 1460 1593; x_wconf 67' lang='lat' dir='ltr'><strong>vel</strong></span> <span class='ocrx_word' id='word_1_121' title='bbox 1482 1552 1628 1593; x_wconf 86' lang='lat' dir='ltr'><strong>obedi-</strong></span> 
     </span>
     <span class='ocr_line' id='line_1_22' title="bbox 249 1626 1628 1682; baseline 0 -15"><span class='ocrx_word' id='word_1_122' title='bbox 249 1626 379 1678; x_wconf 90' lang='lat' dir='ltr'><strong>entia,</strong></span> <span class='ocrx_word' id='word_1_123' title='bbox 404 1627 472 1667; x_wconf 88' lang='lat' dir='ltr'><strong>vel</strong></span> <span class='ocrx_word' id='word_1_124' title='bbox 502 1626 743 1682; x_wconf 80' lang='lat' dir='ltr'><strong>indigentia</strong></span> <span class='ocrx_word' id='word_1_125' title='bbox 775 1627 820 1666; x_wconf 87' lang='lat' dir='ltr'><strong>id</strong></span> <span class='ocrx_word' id='word_1_126' title='bbox 852 1626 1007 1680; x_wconf 79' lang='lat' dir='ltr'><strong>exiget.</strong></span> <span class='ocrx_word' id='word_1_127' title='bbox 1070 1627 1129 1667; x_wconf 89' lang='lat' dir='ltr'><strong>Et</strong></span> <span class='ocrx_word' id='word_1_128' title='bbox 1162 1626 1216 1667; x_wconf 90' lang='lat' dir='ltr'><strong>sit</strong></span> <span class='ocrx_word' id='word_1_129' title='bbox 1243 1642 1373 1677; x_wconf 89' lang='lat' dir='ltr'><strong>unus,</strong></span> <span class='ocrx_word' id='word_1_130' title='bbox 1395 1627 1462 1667; x_wconf 72' lang='lat' dir='ltr'><strong>vel</strong></span> <span class='ocrx_word' id='word_1_131' title='bbox 1483 1627 1628 1682; x_wconf 89' lang='lat' dir='ltr'><strong>plures</strong></span> 
     </span>
     <span class='ocr_line' id='line_1_23' title="bbox 249 1700 1628 1756; baseline 0 -15"><span class='ocrx_word' id='word_1_132' title='bbox 249 1701 305 1741; x_wconf 89' lang='lat' dir='ltr'><strong>ad</strong></span> <span class='ocrx_word' id='word_1_133' title='bbox 337 1700 633 1756; x_wconf 84' lang='lat' dir='ltr'><strong>eleemosynas</strong></span> <span class='ocrx_word' id='word_1_134' title='bbox 670 1700 897 1755; x_wconf 88' lang='lat' dir='ltr'><strong>petendas,</strong></span> <span class='ocrx_word' id='word_1_135' title='bbox 929 1700 1087 1755; x_wconf 91' lang='lat' dir='ltr'><strong>quibus</strong></span> <span class='ocrx_word' id='word_1_136' title='bbox 1126 1701 1280 1741; x_wconf 89' lang='lat' dir='ltr'><strong>domus</strong></span> <span class='ocrx_word' id='word_1_137' title='bbox 1315 1708 1628 1752; x_wconf 88' lang='lat' dir='ltr'><strong>sustententur,</strong></span> 
     </span>
     <span class='ocr_line' id='line_1_24' title="bbox 248 1775 1630 1831; baseline 0.001 -15"><span class='ocrx_word' id='word_1_138' title='bbox 248 1775 453 1817; x_wconf 88' lang='lat' dir='ltr'><strong>destinati</strong></span> <span class='ocrx_word' id='word_1_139' title='bbox 466 1792 478 1826; x_wconf 88' lang='lat'>3</span> <span class='ocrx_word' id='word_1_140' title='bbox 510 1784 553 1816; x_wconf 89' lang='lat' dir='ltr'><strong>et</strong></span> <span class='ocrx_word' id='word_1_141' title='bbox 575 1790 645 1816; x_wconf 88' lang='lat' dir='ltr'><strong>eas</strong></span> <span class='ocrx_word' id='word_1_142' title='bbox 668 1790 767 1816; x_wconf 89' lang='lat' dir='ltr'><strong>cum</strong></span> <span class='ocrx_word' id='word_1_143' title='bbox 791 1783 939 1815; x_wconf 86' lang='lat' dir='ltr'><strong>sancta</strong></span> <span class='ocrx_word' id='word_1_144' title='bbox 961 1775 1234 1830; x_wconf 87' lang='lat' dir='ltr'><strong>simplicitate</strong></span> <span class='ocrx_word' id='word_1_145' title='bbox 1247 1783 1425 1831; x_wconf 86' lang='lat' dir='ltr'><strong>propter</strong></span> <span class='ocrx_word' id='word_1_146' title='bbox 1441 1790 1630 1817; x_wconf 87' lang='lat' dir='ltr'><strong>amorem</strong></span> 
     </span>
     <span class='ocr_line' id='line_1_25' title="bbox 249 1850 601 1905; baseline 0 -14"><span class='ocrx_word' id='word_1_147' title='bbox 249 1850 334 1891; x_wconf 92' lang='lat' dir='ltr'><strong>Dei</strong></span> <span class='ocrx_word' id='word_1_148' title='bbox 354 1850 416 1890; x_wconf 93' lang='lat' dir='ltr'><strong>illi</strong></span> <span class='ocrx_word' id='word_1_149' title='bbox 436 1858 601 1905; x_wconf 88' lang='lat' dir='ltr'><strong>petant.</strong></span> 
     </span>
    </p>

    <p class='ocr_par' dir='ltr' id='par_1_10' title="bbox 250 1924 1630 2204">
     <span class='ocr_line' id='line_1_26' title="bbox 251 1924 1630 1980; baseline 0 -14"><span class='ocrx_word' id='word_1_150' title='bbox 251 1924 315 1966; x_wconf 88' lang='lat' dir='ltr'><strong>Ut</strong></span> <span class='ocrx_word' id='word_1_151' title='bbox 336 1924 445 1965; x_wconf 92' lang='lat' dir='ltr'><strong>nihil</strong></span> <span class='ocrx_word' id='word_1_152' title='bbox 465 1924 690 1980; x_wconf 90' lang='lat' dir='ltr'><strong>proprium</strong></span> <span class='ocrx_word' id='word_1_153' title='bbox 723 1925 840 1965; x_wconf 89' lang='lat' dir='ltr'><strong>domi</strong></span> <span class='ocrx_word' id='word_1_154' title='bbox 871 1925 1021 1976; x_wconf 90' lang='lat' dir='ltr'><strong>teneri,</strong></span> <span class='ocrx_word' id='word_1_155' title='bbox 1043 1925 1102 1965; x_wconf 88' lang='lat' dir='ltr'><strong>ita</strong></span> <span class='ocrx_word' id='word_1_156' title='bbox 1134 1940 1213 1965; x_wconf 90' lang='lat' dir='ltr'><strong>nec</strong></span> <span class='ocrx_word' id='word_1_157' title='bbox 1243 1925 1346 1966; x_wconf 86' lang='lat' dir='ltr'><strong>foris</strong></span> <span class='ocrx_word' id='word_1_158' title='bbox 1378 1926 1495 1980; x_wconf 88' lang='lat' dir='ltr'><strong>apud</strong></span> <span class='ocrx_word' id='word_1_159' title='bbox 1525 1926 1630 1966; x_wconf 88' lang='lat' dir='ltr'><strong>alios</strong></span> 
     </span>
     <span class='ocr_line' id='line_1_27' title="bbox 250 1998 1628 2054; baseline 0.001 -15"><span class='ocrx_word' id='word_1_160' title='bbox 250 2006 409 2054; x_wconf 83' lang='lat' dir='ltr'><strong>potest.</strong></span> <span class='ocrx_word' id='word_1_161' title='bbox 471 1999 531 2039; x_wconf 91' lang='lat' dir='ltr'><strong>Et</strong></span> <span class='ocrx_word' id='word_1_162' title='bbox 563 1998 746 2053; x_wconf 88' lang='lat' dir='ltr'><strong>quisque</strong></span> <span class='ocrx_word' id='word_1_163' title='bbox 778 1999 845 2049; x_wconf 86' lang='lat' dir='ltr'><strong>iis,</strong></span> <span class='ocrx_word' id='word_1_164' title='bbox 878 2014 974 2053; x_wconf 78' lang='lat' dir='ltr'><strong>quae</strong></span> <span class='ocrx_word' id='word_1_165' title='bbox 1002 1999 1053 2039; x_wconf 91' lang='lat' dir='ltr'><strong>de</strong></span> <span class='ocrx_word' id='word_1_166' title='bbox 1091 1999 1313 2039; x_wconf 91' lang='lat' dir='ltr'><strong>communi</strong></span> <span class='ocrx_word' id='word_1_167' title='bbox 1339 2000 1438 2040; x_wconf 88' lang='lat' dir='ltr'><strong>data</strong></span> <span class='ocrx_word' id='word_1_168' title='bbox 1468 2000 1628 2041; x_wconf 87' lang='lat' dir='ltr'><strong>fuerint</strong></span> 
     </span>
     <span class='ocr_line' id='line_1_28' title="bbox 251 2074 1629 2126; baseline 0.002 -12"><span class='ocrx_word' id='word_1_169' title='bbox 251 2074 306 2114; x_wconf 90' lang='lat' dir='ltr'><strong>ad</strong></span> <span class='ocrx_word' id='word_1_170' title='bbox 326 2088 457 2114; x_wconf 91' lang='lat' dir='ltr'><strong>usum</strong></span> <span class='ocrx_word' id='word_1_171' title='bbox 479 2088 607 2114; x_wconf 89' lang='lat' dir='ltr'><strong>suum</strong></span> <span class='ocrx_word' id='word_1_172' title='bbox 630 2074 919 2114; x_wconf 88' lang='lat' dir='ltr'><strong>necessarium</strong></span> <span class='ocrx_word' id='word_1_173' title='bbox 948 2082 1022 2115; x_wconf 91' lang='lat' dir='ltr'><strong>aut</strong></span> <span class='ocrx_word' id='word_1_174' title='bbox 1054 2074 1397 2126; x_wconf 80' lang='lat' dir='ltr'><strong>convenientem,</strong></span> <span class='ocrx_word' id='word_1_175' title='bbox 1428 2076 1629 2117; x_wconf 88' lang='lat' dir='ltr'><strong>resecatis</strong></span> 
     </span>
     <span class='ocr_line' id='line_1_29' title="bbox 253 2147 843 2204; baseline 0 -15"><span class='ocrx_word' id='word_1_176' title='bbox 253 2147 497 2204; x_wconf 88' lang='lat' dir='ltr'><strong>superfluis,</strong></span> <span class='ocrx_word' id='word_1_177' title='bbox 521 2148 576 2189; x_wconf 89' lang='lat' dir='ltr'><strong>sit</strong></span> <span class='ocrx_word' id='word_1_178' title='bbox 599 2156 843 2189; x_wconf 88' lang='lat' dir='ltr'><strong>contentus.</strong></span> 
     </span>
    </p>

    <p class='ocr_par' dir='ltr' id='par_1_11' title="bbox 251 2223 1629 2728">
     <span class='ocr_line' id='line_1_30' title="bbox 254 2223 1628 2280; baseline 0.001 -15"><span class='ocrx_word' id='word_1_179' title='bbox 254 2223 355 2266; x_wconf 73' lang='lat' dir='ltr'><strong>Quo</strong></span> <span class='ocrx_word' id='word_1_180' title='bbox 397 2223 551 2264; x_wconf 91' lang='lat' dir='ltr'><strong>melius</strong></span> <span class='ocrx_word' id='word_1_181' title='bbox 595 2223 868 2279; x_wconf 88' lang='lat' dir='ltr'><strong>Paupertatis</strong></span> <span class='ocrx_word' id='word_1_182' title='bbox 909 2223 1087 2278; x_wconf 86' lang='lat' dir='ltr'><strong>puritas,</strong></span> <span class='ocrx_word' id='word_1_183' title='bbox 1139 2232 1181 2264; x_wconf 88' lang='lat' dir='ltr'><strong>et</strong></span> <span class='ocrx_word' id='word_1_184' title='bbox 1224 2224 1344 2278; x_wconf 87' lang='lat' dir='ltr'><strong>quies</strong></span> <span class='ocrx_word' id='word_1_185' title='bbox 1386 2224 1457 2265; x_wconf 85' lang='lat' dir='ltr'><strong>illa</strong></span> <span class='ocrx_word' id='word_1_186' title='bbox 1499 2240 1628 2280; x_wconf 86' lang='lat' dir='ltr'><strong>quam</strong></span> 
     </span>
     <span class='ocr_line' id='line_1_31' title="bbox 253 2298 1628 2353; baseline 0.001 -14"><span class='ocrx_word' id='word_1_187' title='bbox 253 2313 401 2340; x_wconf 90' lang='lat' dir='ltr'><strong>secum</strong></span> <span class='ocrx_word' id='word_1_188' title='bbox 433 2298 569 2349; x_wconf 87' lang='lat' dir='ltr'><strong>affert,</strong></span> <span class='ocrx_word' id='word_1_189' title='bbox 592 2306 896 2349; x_wconf 77' lang='lat' dir='ltr'><strong>conservetur3</strong></span> <span class='ocrx_word' id='word_1_190' title='bbox 928 2313 1017 2339; x_wconf 90' lang='lat' dir='ltr'><strong>non</strong></span> <span class='ocrx_word' id='word_1_191' title='bbox 1051 2298 1190 2338; x_wconf 84' lang='lat' dir='ltr'><strong>solum</strong></span> <span class='ocrx_word' id='word_1_192' title='bbox 1222 2298 1501 2353; x_wconf 87' lang='lat' dir='ltr'><strong>particulares</strong></span> <span class='ocrx_word' id='word_1_193' title='bbox 1526 2300 1628 2341; x_wconf 91' lang='lat' dir='ltr'><strong>Pro-</strong></span> 
     </span>
     <span class='ocr_line' id='line_1_32' title="bbox 252 2371 1629 2427; baseline 0.002 -15"><span class='ocrx_word' id='word_1_194' title='bbox 252 2371 369 2423; x_wconf 85' lang='lat' dir='ltr'><strong>sessi,</strong></span> <span class='ocrx_word' id='word_1_195' title='bbox 399 2372 468 2413; x_wconf 90' lang='lat' dir='ltr'><strong>vel</strong></span> <span class='ocrx_word' id='word_1_196' title='bbox 497 2371 781 2427; x_wconf 87' lang='lat' dir='ltr'><strong>Coadjutores</strong></span> <span class='ocrx_word' id='word_1_197' title='bbox 818 2372 990 2413; x_wconf 89' lang='lat' dir='ltr'><strong>formati</strong></span> <span class='ocrx_word' id='word_1_198' title='bbox 1026 2372 1307 2413; x_wconf 86' lang='lat' dir='ltr'><strong>haereditariae</strong></span> <span class='ocrx_word' id='word_1_199' title='bbox 1345 2374 1629 2415; x_wconf 89' lang='lat' dir='ltr'><strong>successionis</strong></span> 
     </span>
     <span class='ocr_line' id='line_1_33' title="bbox 252 2447 1627 2503; baseline 0.002 -16"><span class='ocrx_word' id='word_1_200' title='bbox 252 2454 380 2487; x_wconf 87' lang='lat' dir='ltr'><strong>erunt</strong></span> <span class='ocrx_word' id='word_1_201' title='bbox 411 2453 635 2503; x_wconf 83' lang='lat' dir='ltr'><strong>expertes3</strong></span> <span class='ocrx_word' id='word_1_202' title='bbox 677 2462 827 2489; x_wconf 85' lang='lat' dir='ltr'><strong>verum</strong></span> <span class='ocrx_word' id='word_1_203' title='bbox 859 2462 939 2488; x_wconf 86' lang='lat' dir='ltr'><strong>nec</strong></span> <span class='ocrx_word' id='word_1_204' title='bbox 970 2447 1155 2499; x_wconf 89' lang='lat' dir='ltr'><strong>Domus,</strong></span> <span class='ocrx_word' id='word_1_205' title='bbox 1188 2462 1266 2488; x_wconf 91' lang='lat' dir='ltr'><strong>nec</strong></span> <span class='ocrx_word' id='word_1_206' title='bbox 1299 2448 1520 2500; x_wconf 81' lang='lat' dir='ltr'><strong>Ecclesiae,</strong></span> <span class='ocrx_word' id='word_1_207' title='bbox 1548 2464 1627 2490; x_wconf 92' lang='lat' dir='ltr'><strong>nec</strong></span> 
     </span>
     <span class='ocr_line' id='line_1_34' title="bbox 253 2521 1629 2578; baseline 0.003 -16"><span class='ocrx_word' id='word_1_208' title='bbox 253 2521 447 2578; x_wconf 81' lang='lat' dir='ltr'><strong>Collegia</strong></span> <span class='ocrx_word' id='word_1_209' title='bbox 481 2537 630 2564; x_wconf 89' lang='lat' dir='ltr'><strong>eorum</strong></span> <span class='ocrx_word' id='word_1_210' title='bbox 665 2523 830 2564; x_wconf 87' lang='lat' dir='ltr'><strong>ratione</strong></span> <span class='ocrx_word' id='word_1_211' title='bbox 865 2523 1111 2564; x_wconf 88' lang='lat' dir='ltr'><strong>succedent.</strong></span> <span class='ocrx_word' id='word_1_212' title='bbox 1174 2522 1244 2563; x_wconf 86' lang='lat' dir='ltr'><strong>Sic</strong></span> <span class='ocrx_word' id='word_1_213' title='bbox 1281 2522 1395 2563; x_wconf 89' lang='lat' dir='ltr'><strong>enim</strong></span> <span class='ocrx_word' id='word_1_214' title='bbox 1427 2523 1629 2566; x_wconf 86' lang='lat' dir='ltr'><strong>omnibus</strong></span> 
     </span>
     <span class='ocr_line' id='line_1_35' title="bbox 251 2596 1628 2652; baseline 0.001 -14"><span class='ocrx_word' id='word_1_215' title='bbox 251 2596 400 2638; x_wconf 86' lang='lat' dir='ltr'><strong>litibus</strong></span> <span class='ocrx_word' id='word_1_216' title='bbox 432 2605 475 2638; x_wconf 88' lang='lat' dir='ltr'><strong>et</strong></span> <span class='ocrx_word' id='word_1_217' title='bbox 506 2597 807 2638; x_wconf 84' lang='lat' dir='ltr'><strong>controversiis</strong></span> <span class='ocrx_word' id='word_1_218' title='bbox 840 2597 1046 2652; x_wconf 80' lang='lat' dir='ltr'><strong>praecisis,</strong></span> <span class='ocrx_word' id='word_1_219' title='bbox 1077 2596 1261 2638; x_wconf 88' lang='lat' dir='ltr'><strong>charitas</strong></span> <span class='ocrx_word' id='word_1_220' title='bbox 1294 2611 1392 2637; x_wconf 89' lang='lat' dir='ltr'><strong>cum</strong></span> <span class='ocrx_word' id='word_1_221' title='bbox 1425 2598 1628 2639; x_wconf 88' lang='lat' dir='ltr'><strong>omnibus</strong></span> 
     </span>
     <span class='ocr_line' id='line_1_36' title="bbox 251 2672 1148 2728; baseline 0 -15"><span class='ocrx_word' id='word_1_222' title='bbox 251 2672 306 2713; x_wconf 92' lang='lat' dir='ltr'><strong>ad</strong></span> <span class='ocrx_word' id='word_1_223' title='bbox 327 2672 412 2713; x_wconf 90' lang='lat' dir='ltr'><strong>Dei</strong></span> <span class='ocrx_word' id='word_1_224' title='bbox 433 2672 614 2728; x_wconf 86' lang='lat' dir='ltr'><strong>gloriam</strong></span> <span class='ocrx_word' id='word_1_225' title='bbox 634 2672 788 2713; x_wconf 90' lang='lat' dir='ltr'><strong>melius</strong></span> <span class='ocrx_word' id='word_1_226' title='bbox 811 2672 1148 2713; x_wconf 77' lang='lat' dir='ltr'><strong>conservabitur.</strong></span> 
     </span>
    </p>

    <p class='ocr_par' dir='ltr' id='par_1_12' title="bbox 252 2745 1631 2877">
     <span class='ocr_line' id='line_1_37' title="bbox 252 2745 1631 2801; baseline 0.001 -14"><span class='ocrx_word' id='word_1_227' title='bbox 252 2746 441 2788; x_wconf 69' lang='lat' dir='ltr'><strong>Quando</strong></span> <span class='ocrx_word' id='word_1_228' title='bbox 473 2761 669 2788; x_wconf 91' lang='lat' dir='ltr'><strong>summus</strong></span> <span class='ocrx_word' id='word_1_229' title='bbox 694 2746 906 2798; x_wconf 86' lang='lat' dir='ltr'><strong>Pontifex,</strong></span> <span class='ocrx_word' id='word_1_230' title='bbox 930 2747 996 2788; x_wconf 85' lang='lat' dir='ltr'><strong>vel</strong></span> <span class='ocrx_word' id='word_1_231' title='bbox 1019 2745 1224 2801; x_wconf 86' lang='lat' dir='ltr'><strong>Superior</strong></span> <span class='ocrx_word' id='word_1_232' title='bbox 1252 2746 1504 2801; x_wconf 88' lang='lat' dir='ltr'><strong>hujusmodi</strong></span> <span class='ocrx_word' id='word_1_233' title='bbox 1528 2748 1631 2788; x_wconf 91' lang='lat' dir='ltr'><strong>Pro-</strong></span> 
     </span>
     <span class='ocr_line' id='line_1_38' title="bbox 252 2821 1626 2877; baseline -0.001 -15"><span class='ocrx_word' id='word_1_234' title='bbox 252 2821 404 2872; x_wconf 87' lang='lat' dir='ltr'><strong>sessos,</strong></span> <span class='ocrx_word' id='word_1_235' title='bbox 421 2821 488 2863; x_wconf 83' lang='lat' dir='ltr'><strong>vel</strong></span> <span class='ocrx_word' id='word_1_236' title='bbox 512 2821 795 2877; x_wconf 88' lang='lat' dir='ltr'><strong>Coadjutores</strong></span> <span class='ocrx_word' id='word_1_237' title='bbox 818 2822 872 2862; x_wconf 89' lang='lat' dir='ltr'><strong>ad</strong></span> <span class='ocrx_word' id='word_1_238' title='bbox 893 2821 1175 2862; x_wconf 87' lang='lat' dir='ltr'><strong>laborandum</strong></span> <span class='ocrx_word' id='word_1_239' title='bbox 1199 2821 1242 2861; x_wconf 91' lang='lat' dir='ltr'><strong>in</strong></span> <span class='ocrx_word' id='word_1_240' title='bbox 1264 2821 1433 2862; x_wconf 68' lang='lat' dir='ltr'><strong>vineam</strong></span> <span class='ocrx_word' id='word_1_241' title='bbox 1449 2822 1626 2863; x_wconf 88' lang='lat' dir='ltr'><strong>Domini</strong></span> 
     </span>
    </p>
   </div>
  </div>
 </body>
</html>
