1987 3374
692 325 815 352 PARS
849 323 1068 355 QUARTA.
1565 318 1615 355 61

240 435 376 492 ipsius
397 434 588 476 officium
609 434 930 490 pertinentibus
953 449 1052 476 eum
1077 434 1243 490 juvare,
1266 444 1308 477 et
1341 451 1440 477 cum
1463 437 1620 491 quibus

238 510 346 565 ipse,
369 523 466 563 quae
490 516 593 550 sunt
615 508 789 565 majoris
811 509 1036 560 momenti,
1059 515 1242 550 tractare
1263 511 1415 565 possit.

182 589 207 625 2
239 583 337 625 Erit
358 590 402 624 et
424 582 734 635 Cancellarius,
755 583 820 624 vir
841 583 886 624 in
917 583 1072 625 litteris
1103 584 1274 640 egregie
1304 590 1514 636 versam,
1546 586 1621 640 qui

180 1113 206 1149 3

184 1637 210 1673 4

238 657 342 700 Zelo
373 657 504 709 bono,
535 666 579 700 et
605 657 772 713 judicio
800 659 854 699 ad
885 673 949 710 ea,
981 673 1078 714 quae
1111 666 1214 700 sunt
1236 658 1275 700 ei
1296 659 1620 711 committenda,

238 732 431 789 polleat:
483 732 608 789 cujus
650 733 706 774 sit
756 748 932 785 munus,
983 733 1181 789 generale
1223 734 1420 775 Rectoris
1461 734 1621 776 instru-

238 813 438 850 mentum
460 823 553 850 esse
575 808 630 850 ad
661 808 805 850 studia
835 808 944 850 bene
967 809 1220 861 ordinanda,
1243 817 1285 851 et
1306 809 1622 865 disputationes

239 883 284 924 in
310 883 480 924 actibus
511 883 698 938 publicis
731 883 994 938 dirigendas,
1024 892 1068 925 et
1099 885 1154 924 ad
1185 884 1535 937 discernendum,
1567 901 1622 927 an

239 959 458 1000 sufficiens
495 959 692 1000 doctrina
729 959 785 1000 sit
826 973 991 1010 eorum,
1034 959 1107 1014 qui
1150 960 1203 1000 ad
1235 968 1358 1002 actus
1389 969 1431 1002 et
1463 962 1622 1016 gradus

242 1033 368 1088 (quos
389 1032 566 1088 quidem
587 1033 773 1089 ipsemet
794 1033 929 1087 dabit)
956 1042 1058 1075 sunt
1081 1033 1354 1076 admittendi.

241 1108 308 1150 Sit
329 1107 595 1150 Secretarius
626 1123 679 1149 ex
711 1108 861 1150 eadem
894 1108 1124 1160 Societate,
1156 1109 1231 1164 qui
1260 1109 1421 1151 librum
1451 1109 1623 1163 habeat,

238 1182 314 1224 ubi
347 1182 543 1225 omnium
581 1182 962 1234 Scholasticorum,
996 1183 1071 1239 qui
1107 1183 1286 1225 Scholas
1328 1184 1500 1226 assidue
1541 1186 1624 1227 fre-

239 1266 468 1314 quentant,
490 1259 668 1301 nomina
689 1259 948 1312 scribantur,
962 1259 1123 1315 quique
1145 1275 1294 1302 eorum
1317 1261 1624 1316 promissiones

243 1334 296 1375 de
330 1334 578 1376 obedientia
620 1335 794 1376 Rectori
836 1335 1098 1390 praestanda,
1138 1344 1181 1377 et
1224 1335 1624 1379 Constitutionibus

240 1407 521 1449 observandis
556 1409 680 1463 (quas
721 1408 906 1464 ipsemet
936 1409 1167 1464 proponet)
1203 1409 1438 1461 admittat3
1489 1419 1531 1452 et
1569 1411 1624 1452 si-

243 1481 397 1537 gillum
432 1482 643 1534 Rectoris,
680 1491 722 1524 et
758 1483 1065 1525 Universitatis
1106 1484 1295 1526 habeat:
1340 1499 1437 1540 quae
1478 1493 1624 1527 tamen

241 1557 387 1598 omnia
408 1556 500 1599 sine
522 1558 622 1598 ullis
644 1558 845 1614 expensis
869 1558 1236 1601 Scholasticorum
1258 1560 1379 1602 fient.

245 1631 343 1673 Erit
373 1639 417 1673 et
439 1632 664 1684 Notarius,
686 1639 736 1673 ut
768 1633 899 1674 fidem
930 1634 1151 1689 publicam
1182 1635 1311 1676 faciat
1337 1636 1389 1676 de
1413 1637 1626 1692 susceptis

241 1705 464 1761 gradibus,
495 1714 538 1747 et
570 1706 678 1758 aliis,
700 1721 797 1761 quae
820 1716 1061 1749 occurrent.
1125 1707 1223 1749 Sint
1253 1718 1295 1750 et
1328 1709 1430 1761 duo,
1451 1710 1519 1751 vel
1540 1718 1626 1752 tres

243 1780 414 1832 Bidelli,
446 1796 562 1823 unus
589 1782 644 1823 ad
676 1781 894 1823 facultatis
923 1782 1186 1837 linguarum,
1219 1783 1326 1825 alter
1357 1784 1411 1825 ad
1438 1784 1626 1836 Artium,

243 1855 398 1898 tertius
420 1856 475 1897 ad
495 1856 743 1912 Theologiae
766 1857 1011 1898 functiones
1035 1858 1290 1900 destinatus.

245 1930 299 1972 In
340 1930 419 1972 has
467 1938 553 1972 tres
605 1931 832 1972 facultates
876 1931 1146 1973 Universitas
1196 1933 1446 1984 dividetur3
1499 1942 1541 1975 et
1582 1934 1626 1975 in

245 2005 398 2060 quavis
429 2019 579 2046 earum
611 2005 667 2046 sit
698 2006 919 2057 Decanus,
951 2014 994 2046 et
1026 2007 1112 2047 duo
1145 2007 1215 2047 alii
1237 2008 1467 2062 Designati
1489 2023 1540 2049 ex
1562 2009 1628 2060 iis,

247 2079 323 2134 qui
359 2079 514 2120 melius
551 2093 619 2120 res
652 2079 870 2120 facultatis
907 2079 1022 2121 illius
1059 2080 1243 2131 callent3
1288 2081 1362 2136 qui
1390 2082 1413 2122 a
1445 2083 1627 2124 Rectore

246 2152 388 2194 vocati
423 2152 594 2208 possint
636 2152 791 2204 dicere,
828 2153 933 2208 quid
970 2153 1159 2196 sentiant
1195 2155 1249 2195 ad
1287 2170 1375 2196 suae
1411 2156 1629 2198 facultatis

248 2227 414 2269 bonum
446 2228 700 2270 convenire:
746 2236 789 2269 et
827 2229 862 2269 si
894 2228 998 2284 quid
1033 2229 1116 2270 tale
1147 2229 1193 2270 in
1224 2239 1415 2272 mentem
1450 2233 1628 2284 venerit,

252 2303 356 2344 dum
387 2302 501 2343 inter
526 2317 570 2343 se
602 2303 654 2343 de
686 2302 937 2358 hujusmodi
967 2303 1096 2345 rebus
1129 2311 1279 2360 agunt,
1302 2306 1357 2346 ad
1386 2307 1629 2359 Rectorem,

251 2377 434 2433 quanvis
455 2392 544 2419 non
565 2386 787 2430 vocentur,
808 2379 1007 2420 referent.

253 2452 306 2493 In
347 2451 477 2493 rebus
514 2466 611 2507 quae
653 2452 709 2494 ad
750 2453 884 2494 solam
926 2467 1057 2493 unam
1106 2453 1355 2495 facultatem
1396 2455 1630 2509 pertinent,

250 2525 422 2568 vocabit
443 2527 616 2579 Rector,
637 2534 794 2582 praeter
817 2527 1132 2568 Cancellarium
1161 2535 1203 2568 et
1226 2542 1327 2569 suos
1348 2528 1630 2581 Assistentes‚

253 2602 481 2643 Decanum
514 2601 642 2643 etiam
680 2610 723 2643 et
756 2602 1022 2658 Designatos
1059 2602 1172 2643 illius
1204 2603 1446 2644 facultatis:
1488 2603 1533 2644 in
1565 2604 1630 2656 iis,

253 2691 350 2731 quae
379 2676 435 2717 ad
462 2690 612 2717 omnes
644 2676 879 2732 pertinent,
909 2677 1075 2719 Decani
1106 2685 1149 2718 et
1176 2677 1404 2733 Designati
1435 2678 1629 2720 omnium

253 2758 475 2793 vocentur.
538 2751 597 2792 Et
621 2751 656 2792 si
680 2752 853 2794 Rectori
875 2753 1015 2794 visum
1037 2753 1164 2805 fuerit
1194 2761 1235 2794 et
1268 2753 1371 2794 alios
1404 2754 1455 2794 de
1489 2753 1632 2795 Socie-

259 2833 361 2878 tate,
383 2826 451 2868 vel
473 2833 592 2868 extra
614 2842 707 2868 eam
741 2827 794 2869 ad
818 2827 1211 2883 Congregationem
1243 2843 1408 2879 vocare,
1430 2829 1566 2871 facere
1589 2828 1633 2869 id
