2004 3294
335 287 357 322 [Ο

335 559 358 594 [0

804 297 1158 324 Coxs'rl'sV'rxox
1170 297 1235 323 VM

388 408 526 458 priam
547 408 799 446 voluntatem
821 421 869 447 ac
888 408 1095 459 judicium
1120 409 1326 447 diversam
1358 406 1576 455 sectando,
1599 405 1754 445 divinae

389 479 601 520 voluntati
622 480 914 535 respondebit.

392 554 608 594 Omnibus
630 553 778 594 itidem
800 554 984 594 maxime
1017 554 1366 594 commendatum
1399 554 1468 603 sit,
1488 562 1537 594 ut
1568 553 1753 593 multum

389 628 636 668 reverentiae
677 629 735 679 (et
767 627 983 682 praecipue
1016 627 1060 667 in
1095 627 1286 668 interiori
1319 627 1506 679 homine)
1551 627 1639 668 suis
1673 627 1755 668 Su-

388 700 626 755 perioribus
658 700 901 751 exhibeant,
932 700 1131 741 JESUM
1168 701 1379 741 Christum
1408 702 1452 740 in
1482 701 1632 740 eisdem
1653 715 1755 741 con-

390 775 592 825 siderent,
615 789 662 814 ac
684 782 971 825 revereantur,
1004 774 1177 814 eosdem
1209 789 1261 815 ex
1291 774 1433 814 animo
1465 781 1515 814 ut
1544 778 1688 828 patres
1709 773 1754 813 in

390 848 539 888 eodem
577 847 772 902 diligant,
804 862 851 887 ac
881 847 941 888 sic
972 847 1017 887 in
1049 848 1203 902 spiritu
1234 847 1453 888 charitatis
1478 846 1522 887 in
1554 846 1755 887 omnibus

389 922 624 976 procedant
641 939 652 972 3
684 930 732 962 ut
755 921 863 961 nihil
884 936 934 962 ex
962 921 1148 962 externis
1178 921 1246 962 vel
1276 921 1456 962 internis
1488 935 1559 962 eos
1591 920 1755 971 celent3

390 996 494 1050 quin
516 996 677 1051 potius,
699 1002 748 1036 ut
770 996 914 1036 omnia
933 1010 1110 1050 prorsus
1131 995 1389 1051 intelligant,
1412 997 1497 1049 quo
1527 995 1681 1035 melius
1711 995 1756 1035 in

387 1070 455 1110 via
477 1070 625 1111 salutis
648 1078 689 1110 et
710 1070 984 1125 perfectionis
1007 1084 1049 1110 se
1073 1070 1273 1125 dirigant,
1296 1078 1442 1124 optare
1465 1069 1636 1110 debent.
1697 1069 1756 1109 Et

389 1158 437 1184 ea
478 1144 529 1184 de
571 1158 699 1184 causa
740 1158 888 1184 omnes
929 1149 1018 1184 tam
1054 1143 1253 1194 professi,
1296 1144 1423 1197 quam
1463 1143 1635 1183 formati
1671 1142 1756 1183 Co-

388 1219 605 1273 adjutores
633 1219 764 1259 semel
798 1218 977 1273 singulis
1014 1219 1137 1259 annis
1179 1220 1236 1271 (et
1262 1219 1434 1273 saepius,
1471 1218 1506 1258 si
1539 1218 1756 1272 Superiori

386 1292 527 1334 visum
559 1292 702 1345 fuerit)
743 1293 797 1333 ad
839 1307 936 1332 suas
979 1292 1262 1333 conscientias
1295 1292 1340 1332 in
1376 1291 1658 1342 confessione,
1689 1292 1758 1332 vel

389 1368 567 1417 secreto,
588 1367 655 1407 vel
676 1366 757 1407 alia
787 1366 950 1407 ratione
982 1366 1119 1407 eidem
1151 1366 1402 1421 aperiendas
1432 1374 1608 1421 propter
1636 1379 1757 1421 mag—

388 1455 488 1481 nam
510 1441 602 1495 ejus
623 1441 684 1481 rei
705 1440 936 1481 utilitatem
954 1441 1018 1493 (ut
1038 1440 1083 1480 in
1100 1440 1311 1480 Examine
1335 1440 1499 1480 dictum
1521 1441 1601 1492 est)
1620 1439 1758 1494 parati

388 1529 479 1555 esse
514 1514 748 1566 debebunt,
783 1523 876 1555 tum
909 1514 1037 1554 etiam
1072 1515 1125 1555 ad
1161 1513 1474 1555 confessionem
1500 1513 1757 1568 generalem,

389 1603 485 1642 quae
508 1588 560 1628 ab
581 1588 734 1628 ultima
755 1588 942 1642 generali
963 1588 1204 1638 inchoetur,
1226 1588 1278 1638 ei,
1300 1602 1428 1641 quem
1453 1587 1656 1642 Superior
1676 1586 1757 1627 sibi

390 1661 674 1711 substituerit,
696 1661 949 1702 faciendam.

390 1736 554 1778 Omnes
592 1737 646 1777 ad
683 1736 955 1791 Superiorem
993 1751 1118 1777 suum
1160 1751 1241 1787 res,
1279 1751 1374 1791 quae
1411 1736 1470 1777 eis
1506 1735 1757 1791 expetendae

387 1811 664 1860 occurrerint,
689 1811 850 1851 deferre
884 1811 1069 1851 debent:
1113 1825 1191 1851 uec
1223 1811 1414 1865 privatus
1449 1810 1663 1865 quispiam
1695 1809 1758 1850 di-

388 1885 518 1936 recte,
539 1885 605 1925 vel
626 1884 832 1925 indirecte
855 1884 945 1925 sine
968 1884 1059 1939 ejus
1081 1885 1307 1939 permissu,
1330 1892 1372 1925 et
1394 1883 1716 1939 approbatione,
1734 1898 1759 1923 a

389 1958 568 1999 Summo
593 1958 816 2008 Pontifice,
838 1973 917 1998 nec
949 1958 1002 1998 ab
1034 1958 1115 1998 alio
1146 1967 1265 1998 extra
1287 1957 1545 1999 Societatem
1576 1956 1757 2012 gratiam

389 2033 521 2074 ullam
551 2033 593 2073 in
629 2047 756 2073 suum
792 2033 1024 2088 privatum,
1057 2032 1124 2074 vel
1158 2033 1331 2074 alterius
1365 2047 1493 2074 usum
1524 2039 1659 2087 petat,
1685 2040 1759 2075 aut

389 2107 620 2162 petendam
643 2112 789 2147 curet:
823 2106 988 2161 sibique
1019 2107 1290 2161 persuadeat,
1321 2107 1356 2148 si
1386 2121 1463 2162 per
1485 2106 1758 2161 Superiorem

393 2196 536 2231 suum,
564 2181 631 2221 vel
662 2195 760 2220 cum
786 2180 878 2234 ejus
910 2195 1138 2231 consensu,
1164 2182 1280 2235 quod
1306 2186 1441 2236 optat,
1470 2189 1557 2221 non
1586 2180 1758 2221 obtinu-

392 2254 485 2305 erit,
507 2269 560 2294 ne
583 2254 626 2294 id
649 2253 823 2308 quidem
845 2254 899 2294 ad
921 2254 1115 2295 divinum
1133 2255 1358 2295 servitium
1391 2254 1471 2295 sibi
1502 2253 1757 2303 convenire;

392 2337 448 2381 et,
472 2330 506 2370 si
529 2329 742 2380 convenit,
765 2344 863 2370 cum
897 2329 1137 2384 Superioris
1170 2344 1398 2381 consensu,
1420 2335 1470 2370 ut
1500 2329 1574 2384 qui
1600 2329 1758 2370 Christi

392 2404 560 2443 Domini
592 2405 724 2444 nostri
763 2405 893 2444 locum
929 2417 1028 2457 erga
1065 2403 1208 2457 ipsum
1248 2412 1378 2454 tenet,
1404 2403 1448 2444 id
1477 2417 1521 2444 se
1553 2416 1759 2444 consecu-

394 2486 554 2518 turum.
