2004 3294
336 292 415 328 106

840 299 1273 328 CONSTITUTIONUM

420 410 523 462 suis,
554 419 603 451 ut
630 411 843 461 convenit,
867 411 1053 466 compati
1088 410 1267 461 noverit,
1289 425 1338 451 eo
1360 410 1488 450 modo
1521 424 1564 450 se
1585 409 1788 464 gerendo,

421 490 470 525 ut
506 484 633 525 etiam
669 484 742 538 qui
770 484 1157 538 reprehenduntur,
1188 484 1255 524 vel
1286 483 1574 537 corriguntur,
1603 482 1783 537 quanvis

421 559 659 599 secundum
690 558 930 599 inferiorem
961 557 1194 607 hominem,
1227 557 1342 611 quod
1374 557 1529 611 agitur,
1551 556 1788 612 displiceat,

424 639 659 686 agnoscant
691 631 985 680 nihilominus,
1017 630 1133 683 quod
1163 638 1276 670 recte
1307 630 1352 669 in
1380 630 1586 681 Domino,
1617 638 1659 670 et
1689 644 1788 670 cum

422 704 626 744 charitate
648 703 717 744 ille
740 718 865 744 suum
889 702 1076 743 officium
1098 702 1238 743 faciat.

421 777 569 817 Animi
590 777 718 817 etiam
739 776 992 831 magnitudo
1015 791 1063 816 ac
1084 776 1291 817 fortitudo
1314 781 1378 816 est
1407 775 1444 816 ei
1475 775 1790 830 pernecessaria

422 850 476 891 ad
507 849 798 891 infirmitatem
831 850 1065 890 multorum
1096 849 1329 899 ferendam,
1361 856 1404 889 et
1433 863 1500 889 res
1532 863 1711 903 magnas
1741 848 1787 889 in

423 923 566 964 divino
589 923 759 964 servitio
781 922 1104 978 aggrediendas,
1126 922 1171 962 in
1194 922 1339 976 cisque
1371 929 1632 972 constanter,
1654 935 1790 976 quan-

425 999 479 1039 do
500 998 544 1038 id
566 997 779 1047 convenit,
800 997 1159 1051 perseverandum
1177 1013 1188 1047 3
1231 1010 1318 1037 non
1350 1001 1524 1050 propter
1551 995 1791 1036 contradic-

423 1072 561 1113 tiones
591 1070 704 1124 (licct
733 1071 756 1110 a
782 1070 965 1124 magnis,
994 1077 1036 1110 et
1066 1069 1317 1124 potentibus
1349 1068 1567 1121 excitatas)
1599 1068 1790 1109 animum

425 1144 748 1199 despondendo,
770 1158 848 1183 nec
877 1143 929 1183 ab
951 1157 1015 1194 eo,
1037 1143 1154 1197 quod
1174 1144 1297 1192 ratio,
1314 1150 1355 1183 ct
1377 1142 1570 1183 divinum
1592 1142 1791 1196 obsequi-

423 1233 497 1259 um
518 1217 724 1272 postulat,
746 1217 843 1256 ullis
874 1231 1021 1257 eorum
1051 1216 1266 1271 precibus,
1288 1224 1362 1256 aut
1389 1215 1517 1256 minis
1539 1215 1724 1270 separari
1746 1230 1789 1256 se

423 1291 602 1331 sinendo
619 1307 630 1341 3
662 1298 711 1330 ut
732 1289 932 1330 omnibus
954 1289 1130 1329 demum
1161 1288 1346 1339 casibus,
1368 1288 1442 1342 qui
1472 1288 1658 1329 incidere
1689 1302 1789 1343 pos-

423 1373 539 1415 sunt,
576 1364 631 1404 sit
673 1363 890 1418 superior,
934 1377 1013 1403 nec
1048 1362 1266 1417 prosperis
1302 1362 1454 1412 efferri,
1491 1376 1569 1403 nec
1603 1362 1790 1403 adversis

423 1437 547 1492 dejici
589 1437 730 1477 animo
773 1451 864 1477 sese
905 1435 1141 1490 permittat,
1182 1435 1494 1490 paratissimus,
1537 1436 1636 1476 cum
1677 1449 1787 1490 opus

424 1519 550 1562 esset,
572 1511 626 1551 ad
647 1518 831 1551 mortem
851 1524 930 1565 pro
953 1508 1180 1550 societatis
1201 1509 1316 1549 bono
1338 1508 1382 1549 in
1405 1509 1660 1563 obsequium
1680 1509 1788 1551 Jesu

424 1584 587 1626 Christi
609 1584 693 1624 Dei
715 1598 762 1624 ac
784 1583 964 1624 Domini
986 1582 1122 1623 nostri
1144 1582 1427 1623 subeundam.

422 1659 566 1700 Tertia
587 1664 666 1708 est,
686 1662 736 1697 ut
756 1657 960 1712 praeclaro
981 1656 1239 1706 intellectus,
1262 1670 1310 1696 ac
1334 1656 1488 1711 judicii
1518 1656 1631 1697 dono
1658 1656 1790 1711 polle-

424 1741 494 1784 at,
540 1740 588 1773 ut
621 1746 700 1772 nec
733 1732 778 1772 in
811 1731 939 1772 rebus
968 1731 1022 1771 ad
1053 1730 1404 1785 speculationem,
1429 1745 1508 1771 nec
1539 1731 1594 1771 ad
1623 1731 1788 1785 praxim

423 1806 752 1861 pertinentibus,
770 1820 867 1860 quae
889 1805 1166 1855 occurrerint,
1183 1805 1264 1845 hoc
1286 1804 1447 1845 talento
1465 1804 1519 1845 sit
1541 1804 1788 1845 destitutus.

423 1881 482 1921 Et
515 1880 695 1934 quanvis
738 1879 934 1920 doctrina
973 1878 1095 1919 valde
1133 1878 1171 1919 ci
1208 1878 1446 1919 necessaria
1487 1878 1556 1929 sit,
1589 1878 1663 1932 qui
1697 1884 1786 1919 tam

420 1953 567 1994 multis
591 1953 694 1993 viris
729 1951 907 1993 eruditis
943 1959 1007 1992 est
1044 1951 1307 2006 praefuturus
1324 1968 1335 2002 3
1377 1951 1514 2006 magis
1545 1959 1691 1992 tamen
1724 1960 1788 1992 est

424 2026 660 2067 necessaria
680 2025 923 2080 prudentia,
944 2033 987 2066 et
1007 2025 1052 2065 in
1073 2024 1201 2065 rebus
1225 2024 1518 2079 spiritualibus
1546 2032 1588 2066 et
1609 2025 1789 2066 internis

422 2099 665 2140 exercitatio
688 2099 741 2139 ad
762 2099 900 2139 varios
928 2098 1104 2153 spiritus
1136 2098 1456 2149 discernendos,
1478 2098 1532 2139 ad
1562 2097 1788 2139 consilium

423 2188 471 2213 ac
492 2173 728 2213 remedium
750 2180 837 2212 tam
858 2171 1020 2221 multis,
1043 2172 1115 2225 qui
1137 2172 1464 2213 necessitatibus
1489 2171 1788 2227 spiritualibus

422 2247 694 2296 laborabunt,
716 2245 1022 2286 adhibendum.

424 2319 706 2361 Discretionis
728 2319 856 2359 etiam
878 2319 1040 2359 donum
1062 2318 1107 2358 in
1128 2318 1256 2358 rebus
1279 2318 1480 2369 externis,
1502 2332 1550 2360 ac
1571 2318 1700 2360 modo
1721 2332 1788 2359 res

423 2402 511 2434 tam
551 2393 687 2434 varias
729 2391 954 2441 tractandj,
995 2399 1038 2432 et
1078 2405 1177 2431 cum
1218 2399 1307 2432 tam
1349 2392 1526 2433 diversis
1559 2391 1786 2432 hominum

424 2466 653 2522 generibus
674 2466 718 2505 in
745 2465 839 2520 ipsa
861 2465 1087 2514 Societate,
1118 2472 1160 2505 et
1191 2473 1310 2505 extra
1339 2465 1455 2506 illam
1487 2465 1642 2520 agendi
1672 2479 1790 2506 sum-

423 2554 594 2594 mopere
617 2539 697 2580 erit
719 2539 757 2579 ei
778 2537 1080 2579 necessarium.

425 2613 591 2654 Quarta
617 2620 659 2652 et
692 2611 734 2652 in
770 2611 919 2666 primis
955 2611 1192 2651 necessaria
1223 2611 1277 2651 ad
1307 2625 1374 2652 res
1406 2610 1693 2652 conficiendas
1723 2614 1789 2650 est

423 2685 656 2740 vigilantia,
679 2694 720 2726 et
743 2685 983 2726 sollicitudo
1006 2685 1059 2725 ad
1090 2699 1159 2725 eas
1193 2684 1474 2740 incipiendas,
1495 2692 1538 2725 et
1559 2683 1790 2725 strenuitas
